3094 4963
1736 534 1814 587 ὅθ

855 663 996 719 Cum
1015 658 1227 718 multas
1252 657 1392 717 alias
1421 676 1512 717 res
1539 656 1765 717 efficere
1788 658 1967 736 possit
1993 658 2089 716 illa
2107 656 2305 720 divina
2325 660 2435 733 vis,
2450 659 2559 718 hoc
2577 657 2749 716 etiam

772 768 948 845 efficit
973 781 1040 827 ut
1064 765 1149 843 id,
1180 768 1340 846 quod
1366 780 1533 827 antea
1558 787 1677 827 non
1705 781 1851 846 erat,
1882 750 1987 829 ens
2013 770 2241 831 evadat.
2278 774 2464 845 Quam
2506 769 2744 848 quidem

773 883 1125 955 facultatem,
1153 901 1336 961 quum
1364 880 1678 961 generatim
1706 882 1972 957 sumitur,
2014 883 2362 943 effectricem
2391 885 2481 944 vel
2509 882 2741 942 creatri-

770 1015 898 1056 cem
941 995 1241 1075 appellari,
1272 1013 1410 1053 sane
1457 1005 1544 1052 est
1588 1012 1728 1052 vero
1766 1008 2238 1054 consentaneum.
2268 997 2389 1055 Πᾶν
2416 995 2546 1075 ὅπερ
2574 994 2635 1053 ἂν
2663 992 2739 1073 μὴ

773 1107 1027 1189 πρότερόν
1064 1130 1145 1173 τις
1184 1106 1272 1182 ὂν,
1315 1104 1528 1186 ὕστερον
1572 1107 1643 1175 εἷς
1688 1105 1869 1167 οὗσίαν
1901 1107 2050 1189 ἄγοι,
2083 1107 2172 1168 τὸν
2195 1106 2308 1186 ,μὲν
2354 1107 2549 1188 ἄγοντα
2572 1114 2741 1179 ποιεῖ,

768 1220 830 1282 τὸ
884 1219 941 1281 δὲ
987 1219 1245 1300 ἀγόμενον
1304 1217 1570 1279 ποιεῖσθαί
1619 1241 1722 1279 που
1778 1219 2028 1300 φαμέν...
2071 1219 2369 1294 Ποιητικὴν
2398 1220 2588 1292 τοίνυν,
2614 1217 2746 1277 αὐτὰ

765 1333 1383 1418 συγκεφαλαιωσάμενοι,
1407 1336 1985 1419 προσείπωμεν.δορ1ι.
2007 1337 2137 1398 155.
2164 1337 2222 1395 d.
2244 1339 2314 1396 cf.
2341 1339 2475 1396 185.
2491 1336 2550 1402 b.
2569 1312 2749 1395 E'ffec-

768 1455 885 1512 trix
929 1473 1069 1513 vero
1107 1452 1344 1510 facultas
1392 1451 1490 1507 illa
1538 1450 1603 1508 in
1654 1450 1799 1509 duas
1845 1463 2037 1529 partes
2062 1451 2459 1529 distinguitur,
2491 1450 2747 1508 divinam

766 1569 980 1631 scilicet
1005 1580 1061 1626 et
1082 1567 1422 1639 humanam,
1456 1565 1610 1622 inter
1628 1585 1773 1642 quas
1793 1566 2149 1643 permultum
2170 1566 2427 1631 interest.
2449 1565 2750 1635 Ποιητικῆς

764 1680 974 1762 πρῶτον
1000 1674 1090 1737 δύο
1112 1675 1252 1735 ἔστω
1285 1672 1754 1755 μέρη.--Ποίιι>;
1780 1673 1968 1734 -Τὸ
1988 1673 2108 1751 μὲν,
2148 1678 2311 1733 θεῖον·
2349 1672 2411 1732 τὸ
2448 1672 2495 1731 δ’
2539 1669 2746 1751 ἀνθρώ-

762 1813 938 1851 πινον.
981 1788 1140 1850 Ibid.
1177 1787 1312 1847 185.
1346 1785 1404 1847 b.
1434 1789 1512 1845 At
1551 1805 1626 1845 ne
1653 1786 1784 1864 quis
1812 1786 2012 1844 credat
2037 1786 2359 1857 Platonem,
2404 1803 2558 1857 cum,
2603 1784 2744 1861 quid

763 1907 949 1989 possit
999 1906 1084 1966 vis
1130 1902 1416 1975 effectrix,
1469 1900 1850 1974 describeret,
1904 1901 2284 1960 mutationem
2338 1900 2741 1958 tantummodo

764 2020 888 2079 fieri
913 2019 990 2078 e'x
1031 2016 1282 2096 quadam
1323 2015 1472 2073 entis
1515 2013 1706 2072 forma
1739 2013 1804 2071 in
1854 2012 2030 2072 alium
2076 2024 2321 2084 statum,
2360 2011 2733 2089 significasse,

760 2151 831 2191 ea
870 2132 996 2210 ipsa
1031 2128 1210 2189 verba
1241 2130 1660 2205 proponemus,
1691 2123 1904 2202 quibus
1947 2124 2010 2183 in
2056 2127 2240 2184 Conv.
2273 2123 2543 2202 declarat,
2593 2123 2737 2182 hanc
2781 2204 2796 2211 ·

761 2242 1089 2303 facultatem
1112 2260 1342 2300 causam
1372 2259 1518 2312 esse,
1550 2257 1669 2317 qua
1687 2247 2019 2316 praestante,
2049 2254 2298 2313 quaeque
2318 2235 2475 2294 entia
2495 2253 2565 2292 ex
2582 2253 2733 2292 non·

760 2360 894 2407 ente
921 2346 1207 2422 oriuntur,
1233 2346 1325 2404 vel
1364 2344 1438 2403 ad
1459 2343 1522 2403 τὸ
1551 2334 1685 2404 εἶναι
1706 2341 2071 2421 procedunt:
2103 2345 2137 2413 ἡ
2176 2341 2282 2423 γάρ
2324 2364 2406 2401 τοι
2445 2343 2508 2400 ἐκ
2545 2345 2636 2399 τοῦ
2658 2341 2733 2418 μὴ

763 2461 908 2532 ὄντος
926 2462 1000 2531 εἷς
1019 2459 1079 2520 τὸ
1103 2458 1161 2520 ὂν
1194 2458 1324 2518 ἰόντι
1348 2462 1542 2540 ὁτῳοῦν
1564 2456 1709 2516 αἰτία
1738 2465 1907 2533 πᾶσα,
1931 2455 2044 2517 ἐστὶ
2073 2455 2306 2529 ποίησίς.
2340 2456 2523 2518 Conv.
2566 2476 2588 2513 1
2607 2455 2734 2531 195.

763 2576 821 2636 d.
850 2580 1040 2652 Quum
1062 2587 1253 2634 autem
1273 2574 1395 2652 jam
1425 2585 1648 2633 certum
1685 2573 1759 2633 sit
1807 2572 1977 2647 illud,
2003 2573 2078 2632 de
2103 2593 2221 2651 quo
2248 2574 2413 2632 Plato
2443 2571 2730 2643 disseruit,

765 2686 1204 2772 non-enS,nullo
1225 2686 1401 2747 modo
1425 2687 1749 2747 Aristotelis
1770 2687 2087 2763 materiam,
2109 2679 2350 2749 sive'ens
2374 2687 2435 2745 in
2459 2686 2733 2765 potentia,

761 2805 996 2880 referre,
1021 2817 1080 2865 et
1097 2804 1230 2864 ideo
1256 2823 1392 2865 vere
1413 2804 1710 2864 non—entis
1729 2795 2035 2865 essentiam
2055 2802 2271 2864 habere
2294 2807 2397 2879 (1),
2425 2821 2621 2862 nonne
2649 2803 2731 2861 fa-

757 2920 1000 2979 tendum
1020 2918 1171 2977 hanc
1196 2918 1525 2977 facultatem
1546 2916 1827 2991 divinam,
1853 2936 1961 2997 per
1979 2938 2157 2996 quam
2174 2936 2250 2977 ex
2273 2936 2494 2977 non-en
2503 2929 2555 2976 te
2575 2904 2730 2976 entia

756 3013 1096 3116 gignuntur,
1121 3038 1352 3117 proprie
1385 3038 1506 3098 vim
1535 3036 1868 3098 creatricem
1894 3057 2018 3098 esse
2044 3038 2071 3097 ⁴?

840 3159 914 3212 Et
933 3154 1091 3214 illam
1131 3155 1369 3234 quidem
1417 3176 1550 3235 quae
1574 3156 1685 3216 Dei
1725 3168 1834 3229 est,
1887 3168 1953 3215 ut
1998 3174 2088 3215 res
2129 3156 2307 3235 fingat
2344 3155 2721 3235 fabricetque,

756 3270 899 3343 vim,
928 3270 1169 3330 omnino
1204 3271 1280 3330 ab
1307 3291 1406 3344 ea,
1434 3291 1553 3349 qua
1584 3270 1849 3331 homines
1890 3271 2186 3331 elementis
2219 3270 2566 3350 quibusdam
2595 3270 2727 3330 sub-

750 3381 920 3461 jectis
962 3402 1115 3443 nova
1155 3401 1501 3464 componere
1556 3396 1795 3461 queant,
1847 3383 2117 3444 facultate
2144 3426 2162 3459 ,
2215 3386 2378 3444 Plato
2426 3384 2718 3446 discernit.

755 3505 897 3577 Quae
920 3501 1076 3560 enim
1111 3512 1314 3560 natura
1357 3501 1515 3580 gigni
1539 3500 1836 3579 dicuntur,
1866 3514 1988 3561 arte
2012 3500 2207 3563 divina
2243 3502 2394 3562 effici
2436 3503 2549 3581 ait;
2600 3522 2724 3581 quae

755 3627 948 3676 autem
970 3633 1044 3672 ex
1071 3613 1161 3673 his
1186 3613 1262 3672 ab
1289 3613 1625 3675 hominibus
1653 3627 2112 3695 componuntur,
2148 3614 2403 3676 humana
2432 3630 2552 3676 arte
2577 3617 2720 3694 fieri,

817 3902 893 3973 (l)
916 3914 989 3958 Δεῖ
1004 3912 1100 3974 ἄρα
1120 3908 1233 3957 αὐτὸ
1248 3906 1411 3968 δεσμὸν
1432 3909 1549 3970 ἔχειν
1570 3911 1649 3958 τοῦ
1664 3912 1733 3970 μὴ
1754 3907 1881 3969 εἶναὶ,
1905 3914 1958 3958 τὸ
1977 3908 2088 3957 εἶναι
2105 3912 2172 3971 μὴ
2189 3910 2256 3969 δν,
2280 3912 2318 3957 cl
2327 3881 2489 3971 μάλα
2505 3915 2574 3972 μὴ
2590 3909 2719 3961 εἴνατ.

753 3989 929 4038 Parm.
956 3986 1106 4037 ⁴⁴34.
1133 3983 1190 4035 d.
1209 4012 1278 4024 —
1300 3983 1379 4036 Cf.
1408 3979 1432 4045 ς
1452 3987 1501 4035 8.
