3094 4963
1238 525 1397 578 ,58

354 648 459 709 bro
484 650 912 709 demonstratur
932 649 1018 728 (ι)
1042 693 1058 721 ,
1108 660 1298 708 motus
1324 647 1763 727 cujuscumque
1810 649 2163 728 principium
2202 669 2324 708 esse

348 764 693 822 sumendum
716 784 789 822 ex
813 783 885 821 eo
905 761 1344 841 quodseipsum
1372 761 1767 821 indesinenter
1788 775 2003 821 movet.
2030 760 2172 820 Ἀλλ’
2196 762 2323 821 ὅταν

349 877 454 954 ἄρα
481 877 610 962 αὐτὸ
650 877 780 937 αὑτὸ
802 881 1025 950 κινῆσαν
1064 874 1244 956 ἕτερον
1293 874 1587 954 ἀλλοιώσῃ,
1626 875 1691 934 τὸ
1734 873 1783 933 δ’
1813 873 1989 951 ἕτερον
2018 875 2153 934 ἄλλο
2176 921 2192 947 ,
2234 875 2326 933 καὶ

350 991 487 1052 οὕτω
518 994 583 1066 δὴ
622 995 774 1074 χίλια
801 995 889 1055 ἐπὶ
921 993 1130 1074 μυρίοις
1170 993 1419 1073 γίγνηται
1464 992 1535 1052 τὰ
1564 992 1873 1063 κινηθέντα·
1921 996 2036 1070 μῶν
2064 992 2206 1072 ἀρχή
2245 1015 2324 1057 τις

351 1111 526 1166 αὐτῶν
554 1107 705 1167 ἔσται
740 1111 835 1180 τῆς
872 1107 1130 1179 κινήσεως
1170 1106 1383 1180 ἁπάσης
1413 1106 1573 1182 ἄλλη,
1598 1106 1741 1178 πλὴν
1766 1111 1802 1177 ἡ
1825 1109 1921 1177 τῆς
1959 1107 2124 1176 αὐτῆς
2159 1104 2327 1176 αὑτὴν

351 1219 643 1293 κινησάσης
667 1219 944 1297 μεταὸολῆ
957 1219 1347 1297 ς-Κᾶλλιστα
1366 1209 1528 1287 εἶπες.
1564 1240 1635 1296 9¹
1648 1220 1704 1278 5.
1739 1219 1810 1292 d;
1840 1219 1915 1278 cf.
1950 1220 2091 1296 95²·
2118 1223 2326 1294 c.Quae

352 1331 589 1410 quidem
619 1333 908 1392 sententia
934 1333 1008 1391 ad
1037 1352 1221 1411 pauca
1248 1331 1479 1391 redacta
1505 1332 1569 1389 in
1591 1331 1837 1391 Phaedro
1861 1352 1876 1389 :
1908 1330 2047 1391 οὕτω
2076 1333 2139 1405 δὴ
2170 1332 2326 1404 κινή-

351 1473 485 1518 σεως
513 1448 611 1528 μὲν
636 1448 802 1529 ἀρχὴ,
823 1449 888 1508 τὸ
913 1450 1044 1509 αὑτὸ
1064 1456 1261 1510 κινοῦν.
1301 1469 1445 1506 1221
1467 1494 1481 1507 .
1524 1472 1579 1510 c.
1610 1453 1713 1525 (α).

427 1564 604 1640 Quod
631 1578 823 1624 autem
864 1566 938 1624 de
965 1566 1311 1646 intelligibili
1337 1580 1514 1645 atque
1526 1568 1608 1627 de
1626 1567 1892 1628 sensibili*
1908 1568 2131 1627 mundo
2165 1586 2322 1626 seor·

349 1683 455 1739 sim
481 1681 1027 1755 demonstravimus,
1051 1702 1264 1762 nempe
1288 1683 1519 1742 illorum
1550 1695 1843 1742 auctorem
1864 1698 1925 1742 et
1938 1704 2074 1742 vere
2099 1695 2293 1742 creato
2310 1716 2328 1726 ·

349 1815 468 1852 rem
499 1814 622 1854 esse
651 1800 864 1868 Deum,
889 1796 1003 1853 hoc
1048 1795 1122 1853 de
1142 1798 1304 1853 omni
1320 1808 1476 1868 ente,
1519 1796 1839 1876 generatim
1880 1809 2138 1873 sumpto,
2181 1815 2328 1855 non-

360 1928 662 1987 nunquam
705 1910 868 1968 Plato
903 1911 1176 1970 declarat.
1207 1916 1326 1970 Nos
1351 1911 1507 1971 enim
1553 1912 1859 1992 perspicue
1899 1912 2091 1984 docet,
2119 1916 2329 1985 Deum,
2359 1938 2364 1941 ·

346 2025 467 2083 sive
492 2044 597 2084 ens
616 2045 723 2104 per
751 2045 813 2085 se
850 2026 1070 2105 ipsum,
1098 2026 1372 2088 omnibus
1397 2026 1685 2088 existendi
1699 2027 1933 2087 initium
1953 2025 2194 2086 afferre:
2234 2026 2329 2085 καὶ

347 2135 632 2215 ξύμπαντα
666 2136 732 2210 δὴ
765 2138 907 2198 κατὰ
926 2143 1136 2218 ταῦτα,
1170 2139 1340 2209 οὕτως
1379 2140 1508 2200 ὅντα
1540 2142 1709 2219 ὀρθῶς
1741 2142 1961 2222 ἐροῦμεν
1979 2156 1993 2169 ·
2036 2137 2132 2198 καὶ
2166 2137 2329 2196 πάλιν

345 2255 428 2313 ὅτι
458 2256 675 2337 μετέχει
695 2264 784 2318 τοῦ
804 2259 972 2329 ὄντος,
997 2247 1135 2319 εἶναι
1155 2283 1217 2319 τε
1251 2260 1345 2318 καὶ
1365 2259 1517 2322 ὄντα.
1542 2259 1718 2339 soph.
1754 2279 1887 2335 179.
1914 2259 1976 2332 d;
2007 2263 2195 2317 Deum
2221 2259 2330 2316 ho-

346 2365 603 2426 minibus
630 2368 967 2446 caeterisque
992 2368 1339 2429 animalibus
1364 2369 1544 2428 vitam
1567 2369 1765 2448 largiri
1789 2392 1807 2427 t
1833 2370 1892 2428 οὗ
1909 2367 2012 2447 γάρ
2033 2368 2178 2428 ἔστιν
2196 2373 2328 2445 ἡμῖν

343 2476 435 2535 καὶ
462 2486 572 2546 τοῖς
593 2476 776 2547 ἄλλοις
808 2488 973 2542 πᾶσιν
1001 2479 1146 2549 ὅστις
1170 2479 1315 2542 ἐστὶν
1339 2479 1505 2547 αἴτιος
1528 2481 1730 2559 μᾶλλον
1772 2485 1866 2538 τοῦ
1892 2480 2010 2558 ζῇν,
2035 2481 2072 2549 ἡ
2094 2480 2124 2535 ὃ
2148 2476 2328 2556 ἄρχων

342 2589 436 2647 καὶ
457 2588 707 2668 βασιλεὺς
738 2592 845 2649 τῶν
874 2590 1090 2678 πάντων
1108 2613 1122 2626 ·
1155 2592 1440 2671 συμὸαίνει
1463 2584 1552 2652 οῧν
1575 2596 1743 2674 ὀρθῶς
1761 2589 2113 2670 ὀνομάζεσθαι
2137 2587 2330 2660 οὕτως,

345 2706 423 2780 τῷ
442 2702 557 2769 θεὸς
578 2692 711 2761 εἶναι
737 2703 809 2762 δι’
833 2703 891 2764 ὃν
909 2706 1007 2783 ζῇν
1037 2705 1123 2763 ἀεὶ
1140 2713 1278 2765 πᾶσι
1294 2714 1404 2773 τοῖς
1428 2709 1587 2765 ζῶσιν
1613 2703 2088 2787 budpxeoeratyl
2109 2722 2180 2776 27
2190 2704 2246 2762 3.
2270 2721 2329 2773 a;

348 2821 538 2874 Deum
585 2819 848 2879 omnium
876 2840 1000 2881 esse
1038 2822 1393 2902 principium
1412 2869 1431 2896 ,
1459 2822 1712 2881 medium
1742 2833 1803 2879 et
1828 2821 2003 2879 finem
2030 2840 2045 2877 :
2074 2823 2104 2877 ὁ
2134 2818 2231 2897 μὲν
2263 2817 2329 2887 δὴ

357 2929 468 2998 θεὸς
491 2934 515 3004 ζ
532 2930 717 3013 ὥσπερ
750 2933 842 2993 καὶ
864 2940 894 2994 ὁ
912 2935 1137 3004 παλαιὸς
1162 2936 1351 3017 λόγος)
1376 2936 1554 3017 ἀρχήν
1574 2960 1636 2996 τε
1665 2935 1759 2996 καὶ
1797 2933 2046 3006 τελευτὴν
2072 2933 2165 2993 καὶ
2191 2931 2333 3010 μέσα

362 3049 470 3106 τῶν
492 3045 657 3106 ὄντων
678 3047 818 3128 ἔχων
872 3050 1206 3127 De.leg.1V,
1222 3051 1360 3109 831.
1389 3071 1444 3119 e;
1470 3051 1550 3109 cf.
1578 3021 1718 3127 92⁸9.
1735 3072 1789 3122 c;
1817 3048 2007 3122 -Τὴν
2026 3055 2119 3109 τοῦ
2138 3045 2336 3112 παντὸς

365 3160 559 3242 ἀρχήν.
588 3162 680 3220 De
712 3164 853 3244 Rep.
885 3168 986 3235 vl,
1017 3163 1159 3239 689.
1192 3183 1246 3222 a.
1272 3168 1486 3240 Atque,
1510 3175 1581 3221 ut
1618 3162 1816 3220 omnia
1853 3162 1915 3220 in
1954 3181 2139 3220 unum
2166 3180 2333 3218 com-

364 3273 707 3354 prehendat,
757 3296 988 3335 omnem
1017 3276 1206 3336 omnis
1230 3278 1456 3356 generis
1498 3276 1861 3337 effectionem
1899 3277 1962 3335 in
1987 3276 2100 3335 hoc
2127 3274 2334 3335 decimi

429 3516 507 3583 (1)
524 3516 651 3568 Vide
679 3535 792 3585 quae
826 3521 963 3584 prius
980 3517 1121 3570 dicta
1145 3520 1334 3570 fuerint
1368 3519 1432 3569 de
1455 3534 1627 3570 motus
1659 3517 1929 3586 principio,
1956 3517 1983 3587 §
2017 3521 2077 3567 4.

427 3599 505 3667 (2)
520 3600 595 3651 De
616 3599 950 3667 qualitatibus
982 3619 1257 3669 corporum
1286 3603 1423 3672 (quae
1442 3601 1575 3655 nihil
1597 3600 1737 3654 aliud
1758 3612 1880 3653 aunt
1896 3643 1911 3668 ‚
1940 3612 2000 3652 ut
2023 3616 2173 3667 supra
2195 3598 2333 3652 iudi-

364 3681 591 3733 cavimus
604 3718 620 3741 ,
644 3682 739 3732 nisi
759 3695 928 3733 motus
949 3684 1159 3749 quidam
1178 3683 1567 3751 elementorum,
1591 3683 1804 3736 aflectus
1824 3684 1876 3735 in
1898 3684 2071 3735 animo
2102 3684 2335 3734 excitan-

371 3779 444 3816 tes
458 3765 500 3832 ),
526 3763 594 3816 ad
615 3778 811 3818 motum
847 3768 1047 3829 animae,
1071 3759 1270 3819 scilicet
1297 3767 1367 3818 ad
1407 3770 1510 3819 vim
1544 3768 1771 3820 divinam
1799 3767 1990 3830 relatis,
2015 3767 2132 3819 vide
2152 3766 2337 3819 decimi

368 3849 623 3917 delegib.
646 3845 762 3900 libri
783 3848 951 3901 locum
977 3868 1125 3917 quem
1153 3850 1259 3916 jam
1292 3850 1685 3916 descripsimus:
1708 3859 1807 3914 ἄγει
1842 3857 1930 3915 μὲν
1961 3856 2010 3903 δὲ
2032 3860 2154 3917 ψυχὴ
2186 3858 2340 3903 πάντα

367 3940 429 3986 τὰ
445 3938 550 3986 κατ’
562 3937 761 4008 ,οὐρανὸν
780 3943 855 3988 καὶ
875 3946 956 4000 γῆν
978 3943 1053 3987 καὶ
1075 3941 1325 4000 θάλατταν,
1347 3945 1447 3994 ταῖς
1462 3937 1604 3992 αὐτῆς
1635 3943 1864 3992 κινήσεσιν,
1903 3957 1948 3984 κ.
1980 3956 2025 3984 τ.
2067 3939 2110 3983 >.
2146 3932 2264 3985 952.
2287 3931 2333 3994 f,

256 4049 267 4057 ·
367 4018 468 4070 95³
498 4037 548 4070 a.
