3094 4963
1696 477 1768 530 1⁰

740 600 846 658 τῶν
877 596 1175 678 τεττάρων·
1225 596 1341 655 οὔτε
1393 596 1496 676 γὰρ
1520 601 1592 664 ὥς
1635 598 1734 668 ὕλη
1759 600 1865 655 τῶν
1895 597 2086 655 ὄντων·
2134 594 2280 655 οὐδὲν
2322 595 2425 676 γὰρ
2463 596 2516 666 ἐξ
2555 597 2713 658 αὐτοῦ

743 711 1080 783 συνέστηκεν.
1111 711 1297 789 Phys.
1333 709 1432 785 IV,
1476 710 1532 781 3,
1566 729 1625 787 p.
1667 710 1800 771 352.
1850 708 1959 767 Sed
1990 709 2134 786 quid
2175 709 2358 766 aliena
2391 710 2715 767 testimonia

745 828 1132 905 requirimus?
1161 845 1443 902 nusquam
1471 825 1635 883 Plato
1648 845 1720 883 ex
1744 825 1840 882 illa
1858 824 2159 882 indefinita
2184 822 2338 905 χώρα
2362 824 2453 884 vel
2474 844 2710 903 corpus,

746 940 837 998 vel
872 938 1130 1017 corporis
1158 938 1503 1008 rudimenta,
1535 948 1592 993 et
1634 955 1764 1013 quae
1792 948 1959 993 vocat
1986 935 2204 994 semina
2233 935 2343 1015 (1),
2372 955 2713 1015 expromere

747 1054 808 1110 iu
858 1053 1051 1109 animo
1080 1049 1302 1106 habuit.
1349 1047 1459 1107 Sed
1494 1066 1568 1105 ex
1610 1048 1722 1106 alio
1748 1048 2033 1126 principio
2059 1046 2264 1126 γένεσιν
2290 1048 2708 1107 elementorum

751 1166 956 1237 trahit,
987 1178 1044 1222 et
1091 1164 1310 1220 nullum
1343 1162 1729 1241 generationis
1765 1164 1854 1220 vel
1901 1162 2223 1219 eductionis
2249 1162 2549 1219 vinculum
2596 1181 2716 1221 esse

750 1284 901 1340 inter
921 1300 1110 1339 rerum
1131 1280 1346 1339 semina
1364 1292 1422 1336 et
1449 1280 1873 1357 receptaculum
1906 1278 2280 1358 apertissimis
2306 1279 2498 1337 verbis
2524 1279 2716 1337 decla-

755 1406 861 1452 rat.
888 1393 985 1451 Διὸ
1018 1391 1114 1463 τὴν
1143 1398 1233 1450 τοῦ
1266 1388 1534 1469 γεγονότος
1559 1394 1749 1467 ὁρατοῦ
1776 1390 1866 1449 καὶ
1887 1390 2083 1458 παντὸς
2114 1390 2365 1459 αἰσθητοῦ
2400 1389 2605 1468 μητέρα
2627 1391 2716 1448 καὶ

745 1509 1038 1589 ὑποδοχὴν,
1084 1509 1219 1586 μήτε
1265 1512 1383 1585 γῆν,
1431 1482 1766 1586 μήτεῆἀέρα,
1812 1505 1949 1584 μήτε
1989 1511 2134 1585 πῦρ,
2177 1505 2313 1582 μήτε
2351 1505 2492 1585 ὕδωρ
2548 1505 2719 1583 λέγω·

745 1648 840 1699 μεν
866 1669 882 1698 ,
930 1624 1067 1701 μήτε
1113 1622 1212 1684 ὅσα
1251 1625 1311 1682 ἐκ
1354 1621 1575 1697 τούτων,
1620 1622 1755 1700 μήτε
1793 1620 1845 1689 ἐξ
1893 1613 1965 1680 ὧν
2015 1626 2186 1681 ταῦτα
2206 1605 2453 1701 γέγονεν.
2513 1624 2711 1681 Τιήιτε.

755 1740 924 1799 1060.
975 1740 1034 1796 d.
1089 1743 1219 1814 Quo
1268 1739 1396 1798 loco
1447 1737 1540 1795 hic
1596 1738 1861 1815 apposito
1887 1780 1904 1809 ,
1963 1738 2073 1796 alia
2127 1756 2324 1798 rursus
2393 1737 2713 1796 testimonia

753 1853 843 1911 vel
871 1830 1209 1932 argumenta
1237 1852 1494 1931 proferre
1546 1869 2040 1928 supervacaneum
2084 1851 2159 1939 sit
2182 1894 2197 1923 ‚
2243 1862 2308 1909 ut
2336 1849 2607 1909 omnibus
2645 1851 2717 1907 li·

754 1980 927 2043 queat
956 1968 1096 2025 nihil
1125 1987 1198 2025 ex
1225 1968 1507 2026 celebrata
1554 1966 1749 2025 Timaei
1796 1967 2033 2025 materia
2080 1967 2217 2025 oriri
2267 1985 2435 2044 posse
2461 2011 2476 2039 ‚
2526 1985 2716 2042 neque

752 2081 904 2138 illam
934 2082 1086 2141 inter
1115 2084 1425 2162 principia,
1444 2086 1601 2143 unde
1625 2104 1715 2143 res
1740 2096 2029 2156 constant,
2055 2081 2546 2141 annumerandam
2567 2099 2709 2139 esse.

747 2196 937 2265 Quum
969 2177 1143 2252 Plato'
1156 2197 1439 2273 expressis
1467 2194 1658 2255 verbis
1680 2195 1913 2270 dixerit,
1939 2193 2077 2274 μήτε
2097 2192 2153 2261 ἐξ
2180 2185 2253 2261 ὧν
2281 2197 2449 2252 ταῦτα
2478 2191 2709 2271 γέγονεν,

748 2318 806 2362 et
846 2306 1012 2364 initia
1046 2319 1232 2379 terrae,
1265 2308 1433 2380 aeris,
1479 2309 1646 2387 ignis}
1673 2321 1733 2365 et
1779 2328 1941 2384 aquae
1972 2307 2034 2364 in
2065 2307 2427 2384 receptaculo
2472 2305 2719 2364 inveniri

751 2440 870 2481 non
924 2442 1093 2500 posse
1135 2423 1458 2496 censuerit,
1498 2423 1858 2502 praecipuum
1887 2421 2325 2481 fundamentum
2372 2423 2591 2502 vulgari
2641 2422 2716 2484 de

752 2534 1040 2612 platonica
1068 2536 1305 2593 materia
1339 2536 1638 2599 sententiae
1661 2534 2043 2609 subtrahitur,
2071 2535 2153 2594 ita
2178 2548 2244 2595 ut
2266 2536 2338 2606 ad
2366 2537 2713 2596 creationem

753 2649 988 2726 proprie
1014 2660 1302 2727 sumptam
1329 2647 1451 2727 jam
1494 2669 1791 2709 recurrere
1813 2650 1996 2710 critici
2020 2664 2322 2728 cogantur.
2380 2656 2510 2710 Non
2539 2651 2723 2728 igitur

751 2764 960 2844 injuria
986 2767 1248 2841 queritur
1276 2768 1611 2828 Aristoteles
1637 2770 1799 2847 quod
1822 2768 2050 2829 Platoni
2072 2769 2288 2828 nullius
2323 2769 2397 2827 ad
2446 2769 2725 2828 creandas

754 2904 844 2943 res
870 2884 980 2942 hoc
1009 2886 1431 2961 receptaculum
1460 2904 1600 2957 usus
1624 2884 1731 2943 sit:
1772 2881 1891 2943 οὐδὲ
1928 2884 2131 2962 χρῆται
2155 2881 2349 2953 οὐδενὶ,
2382 2880 2553 2959 φήσας
2589 2873 2727 2942 εἶναι

751 2995 1092 3072 ὑποκείμενον
1124 2999 1232 3063 τοῖς
1274 2996 1618 3074 καλουμένοις
1664 2994 1943 3075 στοιχείοις
1979 2995 2308 3077 πρότερον...
2368 2995 2461 3052 De
2500 3016 2627 3074 gen.
2670 3010 2724 3055 et

752 3121 812 3168 et
847 3127 999 3169 corr.
1034 3112 1114 3180 ΙΙ,
1135 3114 1184 3181 1,
1214 3128 1345 3187 pag.
1377 3109 1514 3177 514.
1546 3110 1827 3170 Videlicet
1848 3129 1964 3168 non
1994 3110 2118 3169 sine
2149 3127 2320 3168 causa
2360 3110 2560 3168 Timaei
2584 3111 2718 3168 doc-

757 3219 921 3276 trinae
949 3220 1196 3297 opponit
1237 3221 1534 3299 propriam
1575 3241 1737 3280 suam
1761 3222 2084 3279 doctrinam
2109 3221 2172 3279 in
2200 3240 2315 3297 qua
2344 3221 2626 3280 elementa
2651 3241 2721 3279 ex

755 3331 994 3390 materia
1011 3331 1329 3409 gignuntur
1353 3356 1368 3391 x
1401 3335 1558 3409 ἡμεῖς
1586 3332 1644 3391 δὲ
1668 3332 1840 3412 φαμὲν
1880 3332 2009 3405 ὕλην
2038 3330 2158 3392 τινὰ
2185 3336 2305 3392 τῶν·
2321 3332 2583 3410 σωμάτων
2620 3336 2722 3391 τῶν

757 3449 1048 3519 αἰσθητῶν·
1080 3446 1219 3506 ἀλλὰ
1247 3446 1444 3518 ταύτην
1486 3449 1544 3507 οὗ
1567 3447 1863 3526 χωριστὴν,
1912 3445 2033 3507 ἀλλ’
2063 3446 2146 3506 ἀεὶ
2187 3451 2301 3524 μετ’
2351 3447 2724 3520 ἐναντιώσεως,

754 3556 808 3625 ἐξ
834 3549 897 3627 ἧς
920 3556 1120 3634 γίνεται
1144 3554 1212 3614 τὰ
1236 3555 1540 3633 καλούμενα
1567 3561 1825 3637 στοιχεῖα.
1856 3560 1950 3617 De
1969 3579 2104 3633 gen.
2129 3571 2185 3616 et
2216 3578 2372 3618 corr.
2413 3561 2565 3619 Ibid.

815 3825 889 3892 (l)
912 3834 971 3879 Τὸ
994 3833 1079 3958 μὲν
1099 3838 1177 3956 τῖς
1200 3833 1450 3898 πυραμίδος
1474 3839 1653 3899 στερεὸν
1678 3840 1852 3896 γεγονὸς
1871 3835 1998 3892 εἶδος,
2024 3838 2161 3898 πυρὸς
2179 3842 2394 3898 στοιχεῖον
2418 3840 2491 3885 καὶ
2518 3845 2716 3906 σπέρμα.

761 3910 920 3958 Τιήιω
961 3910 1022 3957 to
1059 3911 1107 3959 4.
1167 3940 1181 3955 .
1549 3922 1563 3935 ·
