<?xml version="1.0" encoding="UTF-8"?>
<!DOCTYPE html PUBLIC "-//W3C//DTD XHTML 1.0 Transitional//EN"
    "http://www.w3.org/TR/xhtml1/DTD/xhtml1-transitional.dtd">
<html xmlns="http://www.w3.org/1999/xhtml" xml:lang="en" lang="en">
 <head>
  <title>
</title>
<meta http-equiv="Content-Type" content="text/html;charset=utf-8" />
  <meta name='ocr-system' content='tesseract 3.04.00' />
  <meta name='ocr-capabilities' content='ocr_page ocr_carea ocr_par ocr_line ocrx_word'/>
</head>
<body>
  <div class='ocr_page' id='page_1' title='image "ansitplatonisde00lorqgoog_0016.png"; bbox 0 0 3094 4963; ppageno 0'>
   <div class='ocr_carea' id='block_1_1' title="bbox 1666 483 1703 536">
    <p class='ocr_par' dir='ltr' id='par_1_1' title="bbox 1666 483 1703 536">
     <span class='ocr_line' id='line_1_1' title="bbox 1666 483 1703 536; baseline 0 0"><span class='ocrx_word' id='word_1_1' title='bbox 1666 483 1703 536; x_wconf 88' lang='lat'><strong>8</strong></span> 
     </span>
    </p>
   </div>
   <div class='ocr_carea' id='block_1_2' title="bbox 686 613 2685 3308">
    <p class='ocr_par' dir='ltr' id='par_1_2' title="bbox 695 613 2667 908">
     <span class='ocr_line' id='line_1_2' title="bbox 695 613 2667 696; baseline -0.002 -18"><span class='ocrx_word' id='word_1_2' title='bbox 695 636 816 678; x_wconf 87' lang='lat' dir='ltr'><strong>esse</strong></span> <span class='ocrx_word' id='word_1_3' title='bbox 843 637 1018 696; x_wconf 87' lang='lat' dir='ltr'><strong>quam</strong></span> <span class='ocrx_word' id='word_1_4' title='bbox 1039 632 1288 676; x_wconf 79' lang='lat' dir='ltr'><strong>vacuum</strong></span> <span class='ocrx_word' id='word_1_5' title='bbox 1311 626 1367 674; x_wconf 90' lang='lat' dir='ltr'><strong>et</strong></span> <span class='ocrx_word' id='word_1_6' title='bbox 1394 613 1687 672; x_wconf 85' lang='lat' dir='ltr'><strong>infinitum</strong></span> <span class='ocrx_word' id='word_1_7' title='bbox 1715 613 1965 692; x_wconf 88' lang='lat' dir='ltr'><strong>spatium</strong></span> <span class='ocrx_word' id='word_1_8' title='bbox 1987 655 2003 686; x_wconf 91' lang='lat'>,</span> <span class='ocrx_word' id='word_1_9' title='bbox 2051 631 2240 691; x_wconf 88' lang='lat' dir='ltr'><strong>neque</strong></span> <span class='ocrx_word' id='word_1_10' title='bbox 2269 633 2516 694; x_wconf 87' lang='lat' dir='ltr'><strong>corpora</strong></span> <span class='ocrx_word' id='word_1_11' title='bbox 2546 615 2667 675; x_wconf 77' lang='lat' dir='ltr'><strong>ullo</strong></span> 
     </span>
     <span class='ocr_line' id='line_1_3' title="bbox 696 714 2667 809; baseline -0.001 -19"><span class='ocrx_word' id='word_1_12' title='bbox 696 732 874 790; x_wconf 88' lang='lat' dir='ltr'><strong>modo</strong></span> <span class='ocrx_word' id='word_1_13' title='bbox 910 732 1144 809; x_wconf 82' lang='lat' dir='ltr'><strong>gignere</strong></span> <span class='ocrx_word' id='word_1_14' title='bbox 1165 773 1183 803; x_wconf 92' lang='lat'><strong>,</strong></span> <span class='ocrx_word' id='word_1_15' title='bbox 1233 729 1333 790; x_wconf 90' lang='lat' dir='ltr'><strong>sed</strong></span> <span class='ocrx_word' id='word_1_16' title='bbox 1360 726 1763 786; x_wconf 88' lang='lat' dir='ltr'><strong>tantummodo</strong></span> <span class='ocrx_word' id='word_1_17' title='bbox 1793 714 2049 806; x_wconf 79' lang='lat' dir='ltr'><strong>recipere</strong></span> <span class='ocrx_word' id='word_1_18' title='bbox 2065 771 2082 803; x_wconf 84' lang='lat'>,</span> <span class='ocrx_word' id='word_1_19' title='bbox 2131 729 2289 786; x_wconf 88' lang='lat' dir='ltr'><strong>nulla</strong></span> <span class='ocrx_word' id='word_1_20' title='bbox 2330 728 2667 807; x_wconf 82' lang='lat' dir='ltr'><strong>interposita</strong></span> 
     </span>
     <span class='ocr_line' id='line_1_4' title="bbox 698 849 1271 908; baseline 0 -1"><span class='ocrx_word' id='word_1_21' title='bbox 698 868 861 908; x_wconf 87' lang='lat' dir='ltr'><strong>mora</strong></span> <span class='ocrx_word' id='word_1_22' title='bbox 880 849 1271 908; x_wconf 76' lang='lat' dir='ltr'><strong>ostendemus.</strong></span> 
     </span>
    </p>

    <p class='ocr_par' dir='ltr' id='par_1_3' title="bbox 686 944 2685 3308">
     <span class='ocr_line' id='line_1_5' title="bbox 777 944 2668 1040; baseline -0.001 -19"><span class='ocrx_word' id='word_1_23' title='bbox 777 944 888 1021; x_wconf 81' lang='lat' dir='ltr'><strong>Per</strong></span> <span class='ocrx_word' id='word_1_24' title='bbox 904 959 1084 1021; x_wconf 80' lang='lat' dir='ltr'><strong>verba</strong></span> <span class='ocrx_word' id='word_1_25' title='bbox 1095 950 1158 1019; x_wconf 66' lang='grc' dir='ltr'><strong>τό</strong></span> <span class='ocrx_word' id='word_1_26' title='bbox 1177 960 1222 1018; x_wconf 85' lang='grc' dir='ltr'><strong>δ’</strong></span> <span class='ocrx_word' id='word_1_27' title='bbox 1249 960 1303 1019; x_wconf 79' lang='grc' dir='ltr'><strong>ἓν</strong></span> <span class='ocrx_word' id='word_1_28' title='bbox 1320 949 1365 1039; x_wconf 72' lang='grc' dir='ltr'><em>ᾧ</em></span> <span class='ocrx_word' id='word_1_29' title='bbox 1378 959 1630 1038; x_wconf 88' lang='lat' dir='ltr'><strong>spatium</strong></span> <span class='ocrx_word' id='word_1_30' title='bbox 1649 958 1941 1018; x_wconf 85' lang='lat' dir='ltr'><strong>infinitum</strong></span> <span class='ocrx_word' id='word_1_31' title='bbox 1955 959 2288 1039; x_wconf 82' lang='lat' dir='ltr'><strong>significari,</strong></span> <span class='ocrx_word' id='word_1_32' title='bbox 2299 958 2421 1037; x_wconf 82' lang='lat' dir='ltr'><strong>jam</strong></span> <span class='ocrx_word' id='word_1_33' title='bbox 2445 952 2528 1020; x_wconf 60' lang='lat' dir='ltr'><strong>ex&#39;</strong></span> <span class='ocrx_word' id='word_1_34' title='bbox 2542 963 2668 1040; x_wconf 87' lang='lat' dir='ltr'><strong>ipso</strong></span> 
     </span>
     <span class='ocr_line' id='line_1_6' title="bbox 698 1071 2669 1153; baseline 0.001 -21"><span class='ocrx_word' id='word_1_35' title='bbox 698 1074 795 1132; x_wconf 83' lang='lat' dir='ltr'><strong>hic</strong></span> <span class='ocrx_word' id='word_1_36' title='bbox 806 1073 1077 1152; x_wconf 74' lang='lat' dir='ltr'><strong>apposito</strong></span> <span class='ocrx_word' id='word_1_37' title='bbox 1088 1072 1288 1131; x_wconf 81' lang='lat' dir='ltr'><strong>Timaei</strong></span> <span class='ocrx_word' id='word_1_38' title='bbox 1309 1073 1438 1131; x_wconf 91' lang='lat' dir='ltr'><strong>loco</strong></span> <span class='ocrx_word' id='word_1_39' title='bbox 1467 1071 1745 1150; x_wconf 87' lang='lat' dir='ltr'><strong>suspicari</strong></span> <span class='ocrx_word' id='word_1_40' title='bbox 1773 1073 1961 1145; x_wconf 83' lang='lat' dir='ltr'><strong>liceat3</strong></span> <span class='ocrx_word' id='word_1_41' title='bbox 1986 1073 2087 1132; x_wconf 89' lang='lat' dir='ltr'><strong>sed</strong></span> <span class='ocrx_word' id='word_1_42' title='bbox 2115 1091 2228 1145; x_wconf 91' lang='lat' dir='ltr'><strong>res,</strong></span> <span class='ocrx_word' id='word_1_43' title='bbox 2259 1074 2669 1153; x_wconf 85' lang='lat' dir='ltr'><strong>progrediente</strong></span> 
     </span>
     <span class='ocr_line' id='line_1_7' title="bbox 700 1183 2672 1268; baseline 0.002 -25"><span class='ocrx_word' id='word_1_44' title='bbox 700 1203 987 1256; x_wconf 82' lang='lat' dir='ltr'><strong>sermone,</strong></span> <span class='ocrx_word' id='word_1_45' title='bbox 1014 1187 1077 1242; x_wconf 89' lang='lat' dir='ltr'><strong>in</strong></span> <span class='ocrx_word' id='word_1_46' title='bbox 1095 1183 1323 1242; x_wconf 83' lang='lat' dir='ltr'><strong>clariori</strong></span> <span class='ocrx_word' id='word_1_47' title='bbox 1344 1184 1473 1242; x_wconf 90' lang='lat' dir='ltr'><strong>luce</strong></span> <span class='ocrx_word' id='word_1_48' title='bbox 1491 1183 1753 1262; x_wconf 85' lang='lat' dir='ltr'><strong>ponitur,</strong></span> <span class='ocrx_word' id='word_1_49' title='bbox 1766 1203 1900 1242; x_wconf 81' lang='lat' dir='ltr'><strong>cum</strong></span> <span class='ocrx_word' id='word_1_50' title='bbox 1913 1188 1990 1264; x_wconf 78' lang='grc' dir='ltr'><strong>τῷ</strong></span> <span class='ocrx_word' id='word_1_51' title='bbox 2008 1183 2055 1243; x_wconf 89' lang='grc' dir='ltr'><strong>δ’</strong></span> <span class='ocrx_word' id='word_1_52' title='bbox 2069 1184 2184 1245; x_wconf 80' lang='grc' dir='ltr'>ὅθεν</span> <span class='ocrx_word' id='word_1_53' title='bbox 2205 1197 2265 1244; x_wconf 85' lang='lat' dir='ltr'><strong>et</strong></span> <span class='ocrx_word' id='word_1_54' title='bbox 2281 1189 2358 1266; x_wconf 78' lang='grc' dir='ltr'><strong>τῷ</strong></span> <span class='ocrx_word' id='word_1_55' title='bbox 2378 1187 2672 1268; x_wconf 83' lang='grc' dir='ltr'><strong>γιγνομένῳ</strong></span> 
     </span>
     <span class='ocr_line' id='line_1_8' title="bbox 703 1292 2672 1382; baseline 0 -20"><span class='ocrx_word' id='word_1_56' title='bbox 703 1301 1025 1362; x_wconf 80' lang='lat' dir='ltr'><strong>accuratius</strong></span> <span class='ocrx_word' id='word_1_57' title='bbox 1055 1300 1328 1371; x_wconf 84' lang='lat' dir='ltr'><strong>definitis,</strong></span> <span class='ocrx_word' id='word_1_58' title='bbox 1360 1300 1440 1359; x_wconf 84' lang='lat' dir='ltr'><strong>sic</strong></span> <span class='ocrx_word' id='word_1_59' title='bbox 1460 1299 1647 1378; x_wconf 88' lang='lat' dir='ltr'><strong>pergit</strong></span> <span class='ocrx_word' id='word_1_60' title='bbox 1667 1298 1912 1359; x_wconf 83' lang='lat' dir='ltr'><strong>Timaeus</strong></span> <span class='ocrx_word' id='word_1_61' title='bbox 1939 1324 1958 1359; x_wconf 68' lang='grc' dir='ltr'><em>ε</em></span> <span class='ocrx_word' id='word_1_62' title='bbox 1979 1298 2156 1380; x_wconf 71' lang='grc' dir='ltr'>τρίτον</span> <span class='ocrx_word' id='word_1_63' title='bbox 2189 1301 2246 1361; x_wconf 84' lang='grc' dir='ltr'><strong>δὲ</strong></span> <span class='ocrx_word' id='word_1_64' title='bbox 2276 1292 2344 1360; x_wconf 73' lang='grc' dir='ltr'><strong>αὗ</strong></span> <span class='ocrx_word' id='word_1_65' title='bbox 2364 1300 2512 1382; x_wconf 79' lang='grc' dir='ltr'>γένος</span> <span class='ocrx_word' id='word_1_66' title='bbox 2533 1301 2588 1362; x_wconf 77' lang='grc' dir='ltr'><strong>ὂν</strong></span> <span class='ocrx_word' id='word_1_67' title='bbox 2613 1304 2672 1362; x_wconf 83' lang='grc' dir='ltr'><strong>τὸ</strong></span> 
     </span>
     <span class='ocr_line' id='line_1_9' title="bbox 702 1414 2672 1498; baseline 0.002 -24"><span class='ocrx_word' id='word_1_68' title='bbox 702 1419 802 1495; x_wconf 75' lang='grc' dir='ltr'><strong>τῆς</strong></span> <span class='ocrx_word' id='word_1_69' title='bbox 821 1416 1002 1497; x_wconf 81' lang='grc' dir='ltr'>χώρας</span> <span class='ocrx_word' id='word_1_70' title='bbox 1022 1415 1106 1475; x_wconf 81' lang='grc' dir='ltr'><strong>ἀεὶ</strong></span> <span class='ocrx_word' id='word_1_71' title='bbox 1126 1414 1323 1494; x_wconf 78' lang='grc' dir='ltr'>φθορὰν</span> <span class='ocrx_word' id='word_1_72' title='bbox 1346 1416 1405 1473; x_wconf 79' lang='grc' dir='ltr'><strong>οὖ</strong></span> <span class='ocrx_word' id='word_1_73' title='bbox 1425 1414 1869 1495; x_wconf 81' lang='grc' dir='ltr'>προσδεχόμενον,</span> <span class='ocrx_word' id='word_1_74' title='bbox 1902 1414 2060 1495; x_wconf 75' lang='grc' dir='ltr'>ἕδραν</span> <span class='ocrx_word' id='word_1_75' title='bbox 2082 1415 2139 1476; x_wconf 77' lang='grc' dir='ltr'><strong>δὲ</strong></span> <span class='ocrx_word' id='word_1_76' title='bbox 2168 1416 2406 1497; x_wconf 79' lang='grc' dir='ltr'>παρέχον</span> <span class='ocrx_word' id='word_1_77' title='bbox 2429 1418 2530 1477; x_wconf 77' lang='grc' dir='ltr'><strong>ὅσα</strong></span> <span class='ocrx_word' id='word_1_78' title='bbox 2562 1419 2672 1498; x_wconf 80' lang='grc' dir='ltr'>ἔχει</span> 
     </span>
     <span class='ocr_line' id='line_1_10' title="bbox 705 1526 2671 1607; baseline -0.001 -20"><span class='ocrx_word' id='word_1_79' title='bbox 705 1526 907 1607; x_wconf 82' lang='grc' dir='ltr'>γένεσιν</span> <span class='ocrx_word' id='word_1_80' title='bbox 931 1527 1173 1585; x_wconf 75' lang='grc' dir='ltr'>πᾶσιν...</span> <span class='ocrx_word' id='word_1_81' title='bbox 1209 1526 1407 1584; x_wconf 74' lang='lat' dir='ltr'><strong>szoe.</strong></span> <span class='ocrx_word' id='word_1_82' title='bbox 1444 1526 1590 1582; x_wconf 86' lang='lat'>1061</span> <span class='ocrx_word' id='word_1_83' title='bbox 1606 1567 1618 1583; x_wconf 90' lang='lat'><strong>.</strong></span> <span class='ocrx_word' id='word_1_84' title='bbox 1660 1545 1741 1597; x_wconf 89' lang='lat' dir='ltr'><strong>c.;</strong></span> <span class='ocrx_word' id='word_1_85' title='bbox 1783 1538 1841 1584; x_wconf 89' lang='lat' dir='ltr'><strong>et</strong></span> <span class='ocrx_word' id='word_1_86' title='bbox 1881 1527 2055 1604; x_wconf 89' lang='lat' dir='ltr'><strong>paulo</strong></span> <span class='ocrx_word' id='word_1_87' title='bbox 2081 1527 2255 1600; x_wconf 73' lang='lat' dir='ltr'><strong>infra,</strong></span> <span class='ocrx_word' id='word_1_88' title='bbox 2290 1526 2393 1587; x_wconf 89' lang='lat' dir='ltr'><strong>ubi</strong></span> <span class='ocrx_word' id='word_1_89' title='bbox 2438 1540 2558 1587; x_wconf 87' lang='lat' dir='ltr'><strong>tota</strong></span> <span class='ocrx_word' id='word_1_90' title='bbox 2598 1529 2671 1586; x_wconf 86' lang='lat' dir='ltr'><strong>de</strong></span> 
     </span>
     <span class='ocr_line' id='line_1_11' title="bbox 704 1630 2674 1721; baseline 0.001 -22"><span class='ocrx_word' id='word_1_91' title='bbox 704 1639 890 1699; x_wconf 82' lang='lat' dir='ltr'><strong>tribus</strong></span> <span class='ocrx_word' id='word_1_92' title='bbox 919 1658 1111 1698; x_wconf 87' lang='lat' dir='ltr'><strong>rerum</strong></span> <span class='ocrx_word' id='word_1_93' title='bbox 1138 1636 1446 1716; x_wconf 88' lang='lat' dir='ltr'><strong>generibus</strong></span> <span class='ocrx_word' id='word_1_94' title='bbox 1462 1638 1609 1697; x_wconf 86' lang='lat' dir='ltr'><strong>ratio</strong></span> <span class='ocrx_word' id='word_1_95' title='bbox 1628 1639 1996 1699; x_wconf 85' lang='lat' dir='ltr'><strong>concluditur</strong></span> <span class='ocrx_word' id='word_1_96' title='bbox 2016 1661 2029 1698; x_wconf 78' lang='lat' dir='ltr'><strong><em>z</em></strong></span> <span class='ocrx_word' id='word_1_97' title='bbox 2047 1630 2194 1705; x_wconf 71' lang='grc' dir='ltr'>οὗτος</span> <span class='ocrx_word' id='word_1_98' title='bbox 2218 1638 2312 1717; x_wconf 80' lang='grc' dir='ltr'><strong>μὲν</strong></span> <span class='ocrx_word' id='word_1_99' title='bbox 2333 1642 2396 1714; x_wconf 79' lang='grc' dir='ltr'>δὴ</span> <span class='ocrx_word' id='word_1_100' title='bbox 2421 1631 2510 1701; x_wconf 71' lang='grc' dir='ltr'><strong>οὗν</strong></span> <span class='ocrx_word' id='word_1_101' title='bbox 2526 1643 2674 1721; x_wconf 80' lang='grc' dir='ltr'>παρὰ</span> 
     </span>
     <span class='ocr_line' id='line_1_12' title="bbox 702 1746 2674 1831; baseline 0.001 -22"><span class='ocrx_word' id='word_1_102' title='bbox 702 1755 798 1823; x_wconf 77' lang='grc' dir='ltr'><strong>τῆς</strong></span> <span class='ocrx_word' id='word_1_103' title='bbox 833 1751 966 1827; x_wconf 70' lang='grc' dir='ltr'>ἐμῆς</span> <span class='ocrx_word' id='word_1_104' title='bbox 1007 1746 1185 1828; x_wconf 80' lang='grc' dir='ltr'>ψήφου</span> <span class='ocrx_word' id='word_1_105' title='bbox 1218 1747 1505 1828; x_wconf 71' lang='grc' dir='ltr'>λογισθεὶς,</span> <span class='ocrx_word' id='word_1_106' title='bbox 1556 1751 1611 1809; x_wconf 81' lang='grc' dir='ltr'><strong>ἐν</strong></span> <span class='ocrx_word' id='word_1_107' title='bbox 1638 1748 1910 1831; x_wconf 79' lang='grc' dir='ltr'>κεφαλαίῳ</span> <span class='ocrx_word' id='word_1_108' title='bbox 1937 1748 2179 1809; x_wconf 71' lang='grc' dir='ltr'>’δεδόσθω</span> <span class='ocrx_word' id='word_1_109' title='bbox 2200 1750 2353 1830; x_wconf 86' lang='grc' dir='ltr'>λόγος</span> <span class='ocrx_word' id='word_1_110' title='bbox 2374 1795 2390 1824; x_wconf 87' lang='grc'><em>,</em></span> <span class='ocrx_word' id='word_1_111' title='bbox 2410 1750 2469 1811; x_wconf 82' lang='grc' dir='ltr'><strong>ὅν</strong></span> <span class='ocrx_word' id='word_1_112' title='bbox 2494 1775 2553 1810; x_wconf 86' lang='grc' dir='ltr'><strong>τε</strong></span> <span class='ocrx_word' id='word_1_113' title='bbox 2583 1753 2674 1811; x_wconf 77' lang='grc' dir='ltr'><strong>καὶ</strong></span> 
     </span>
     <span class='ocr_line' id='line_1_13' title="bbox 699 1852 2670 1944; baseline 0.002 -22"><span class='ocrx_word' id='word_1_114' title='bbox 699 1863 882 1944; x_wconf 82' lang='grc' dir='ltr'>χώραν</span> <span class='ocrx_word' id='word_1_115' title='bbox 919 1863 1010 1922; x_wconf 80' lang='grc' dir='ltr'><strong>καὶ</strong></span> <span class='ocrx_word' id='word_1_116' title='bbox 1055 1861 1259 1940; x_wconf 81' lang='grc' dir='ltr'>γένεσιν</span> <span class='ocrx_word' id='word_1_117' title='bbox 1286 1852 1442 1935; x_wconf 72' lang='grc' dir='ltr'>εἶναι,</span> <span class='ocrx_word' id='word_1_118' title='bbox 1479 1862 1604 1942; x_wconf 81' lang='grc' dir='ltr'>τρία</span> <span class='ocrx_word' id='word_1_119' title='bbox 1638 1867 1823 1942; x_wconf 75' lang='grc' dir='ltr'>τριχῆ,</span> <span class='ocrx_word' id='word_1_120' title='bbox 1855 1864 1947 1922; x_wconf 81' lang='grc' dir='ltr'><strong>καὶ</strong></span> <span class='ocrx_word' id='word_1_121' title='bbox 1980 1863 2105 1942; x_wconf 79' lang='grc' dir='ltr'>πρὶν</span> <span class='ocrx_word' id='word_1_122' title='bbox 2149 1864 2366 1943; x_wconf 78' lang='grc' dir='ltr'>οὖρανὸν</span> <span class='ocrx_word' id='word_1_123' title='bbox 2406 1856 2670 1941; x_wconf 54' lang='grc' dir='ltr'>γ’ένεσθαι.</span> 
     </span>
     <span class='ocr_line' id='line_1_14' title="bbox 707 1973 2676 2053; baseline 0.001 -19"><span class='ocrx_word' id='word_1_124' title='bbox 707 1978 881 2037; x_wconf 89' lang='lat'>1061.</span> <span class='ocrx_word' id='word_1_125' title='bbox 912 1975 971 2037; x_wconf 90' lang='lat' dir='ltr'><strong>d.</strong></span> <span class='ocrx_word' id='word_1_126' title='bbox 998 1979 1108 2033; x_wconf 94' lang='lat' dir='ltr'><strong>Per</strong></span> <span class='ocrx_word' id='word_1_127' title='bbox 1151 1973 1282 2032; x_wconf 87' lang='lat' dir='ltr'><strong>talia</strong></span> <span class='ocrx_word' id='word_1_128' title='bbox 1307 1974 1444 2032; x_wconf 88' lang='lat' dir='ltr'><strong>satis</strong></span> <span class='ocrx_word' id='word_1_129' title='bbox 1486 1985 1645 2051; x_wconf 84' lang='lat' dir='ltr'><strong>patet</strong></span> <span class='ocrx_word' id='word_1_130' title='bbox 1678 1974 1851 2047; x_wconf 85' lang='lat' dir='ltr'><strong>hanc,</strong></span> <span class='ocrx_word' id='word_1_131' title='bbox 1897 1995 2073 2052; x_wconf 82' lang='lat' dir='ltr'><strong>quam</strong></span> <span class='ocrx_word' id='word_1_132' title='bbox 2115 1975 2460 2053; x_wconf 65' lang='lat' dir='ltr'><strong>praedicant,</strong></span> <span class='ocrx_word' id='word_1_133' title='bbox 2494 1991 2676 2043; x_wconf 85' lang='lat' dir='ltr'><strong>mate-</strong></span> 
     </span>
     <span class='ocr_line' id='line_1_15' title="bbox 708 2086 2672 2169; baseline 0.001 -22"><span class='ocrx_word' id='word_1_134' title='bbox 708 2091 853 2148; x_wconf 85' lang='lat' dir='ltr'><strong>riam</strong></span> <span class='ocrx_word' id='word_1_135' title='bbox 881 2086 1117 2166; x_wconf 87' lang='lat' dir='ltr'><strong>proprie</strong></span> <span class='ocrx_word' id='word_1_136' title='bbox 1136 2087 1328 2144; x_wconf 88' lang='lat' dir='ltr'><strong>locum</strong></span> <span class='ocrx_word' id='word_1_137' title='bbox 1353 2105 1495 2145; x_wconf 91' lang='lat' dir='ltr'><strong>esse.</strong></span> <span class='ocrx_word' id='word_1_138' title='bbox 1527 2091 1656 2144; x_wconf 89' lang='lat' dir='ltr'><strong>Neu</strong></span> <span class='ocrx_word' id='word_1_139' title='bbox 1684 2105 1821 2145; x_wconf 84' lang='lat' dir='ltr'><strong>vero</strong></span> <span class='ocrx_word' id='word_1_140' title='bbox 1847 2088 1978 2164; x_wconf 75' lang='lat' dir='ltr'><strong>quIs</strong></span> <span class='ocrx_word' id='word_1_141' title='bbox 2006 2101 2237 2167; x_wconf 89' lang='lat' dir='ltr'><strong>reputet</strong></span> <span class='ocrx_word' id='word_1_142' title='bbox 2262 2091 2382 2148; x_wconf 88' lang='lat' dir='ltr'><strong>vim</strong></span> <span class='ocrx_word' id='word_1_143' title='bbox 2411 2092 2672 2169; x_wconf 67' lang='lat' dir='ltr'><strong>pet-,ulia-</strong></span> 
     </span>
     <span class='ocr_line' id='line_1_16' title="bbox 709 2202 2679 2287; baseline 0.001 -21"><span class='ocrx_word' id='word_1_144' title='bbox 709 2226 833 2266; x_wconf 89' lang='lat' dir='ltr'><strong>rem</strong></span> <span class='ocrx_word' id='word_1_145' title='bbox 859 2207 988 2265; x_wconf 86' lang='lat' dir='ltr'><strong>voci</strong></span> <span class='ocrx_word' id='word_1_146' title='bbox 1015 2202 1168 2285; x_wconf 85' lang='grc' dir='ltr'>χώρα</span> <span class='ocrx_word' id='word_1_147' title='bbox 1189 2205 1250 2263; x_wconf 87' lang='lat' dir='ltr'><strong>in</strong></span> <span class='ocrx_word' id='word_1_148' title='bbox 1270 2205 1560 2285; x_wconf 86' lang='lat' dir='ltr'><strong>platonica</strong></span> <span class='ocrx_word' id='word_1_149' title='bbox 1585 2205 1785 2283; x_wconf 86' lang='lat' dir='ltr'><strong>lingua</strong></span> <span class='ocrx_word' id='word_1_150' title='bbox 1803 2206 2019 2279; x_wconf 83' lang='lat' dir='ltr'><strong>inesse,</strong></span> <span class='ocrx_word' id='word_1_151' title='bbox 2052 2207 2234 2265; x_wconf 86' lang='lat' dir='ltr'><strong>nihilo</strong></span> <span class='ocrx_word' id='word_1_152' title='bbox 2257 2209 2438 2287; x_wconf 85' lang='lat' dir='ltr'><strong>magis</strong></span> <span class='ocrx_word' id='word_1_153' title='bbox 2463 2211 2524 2268; x_wconf 90' lang='lat' dir='ltr'><strong>in</strong></span> <span class='ocrx_word' id='word_1_154' title='bbox 2555 2209 2679 2268; x_wconf 84' lang='lat' dir='ltr'><strong>dia-</strong></span> 
     </span>
     <span class='ocr_line' id='line_1_17' title="bbox 686 2316 2683 2398; baseline 0.002 -24"><span class='ocrx_word' id='word_1_155' title='bbox 686 2317 853 2396; x_wconf 88' lang='lat' dir='ltr'><strong>·logis</strong></span> <span class='ocrx_word' id='word_1_156' title='bbox 872 2317 1026 2398; x_wconf 85' lang='grc' dir='ltr'>χώρα</span> <span class='ocrx_word' id='word_1_157' title='bbox 1050 2337 1229 2395; x_wconf 87' lang='lat' dir='ltr'><strong>quam</strong></span> <span class='ocrx_word' id='word_1_158' title='bbox 1263 2316 1422 2385; x_wconf 84' lang='grc' dir='ltr'>τόπος</span> <span class='ocrx_word' id='word_1_159' title='bbox 1443 2317 1744 2396; x_wconf 84' lang='lat' dir='ltr'><strong>significat.</strong></span> <span class='ocrx_word' id='word_1_160' title='bbox 1766 2324 1856 2378; x_wconf 87' lang='lat' dir='ltr'><strong>Ita</strong></span> <span class='ocrx_word' id='word_1_161' title='bbox 1880 2320 1943 2378; x_wconf 91' lang='lat' dir='ltr'><strong>in</strong></span> <span class='ocrx_word' id='word_1_162' title='bbox 1975 2318 2266 2398; x_wconf 84' lang='lat' dir='ltr'><strong>Sophista,</strong></span> <span class='ocrx_word' id='word_1_163' title='bbox 2299 2318 2400 2378; x_wconf 83' lang='lat' dir='ltr'><strong>uhi</strong></span> <span class='ocrx_word' id='word_1_164' title='bbox 2433 2338 2557 2377; x_wconf 87' lang='lat' dir='ltr'><strong>non</strong></span> <span class='ocrx_word' id='word_1_165' title='bbox 2580 2339 2683 2377; x_wconf 86' lang='lat' dir='ltr'><strong>en-</strong></span> 
     </span>
     <span class='ocr_line' id='line_1_18' title="bbox 706 2429 2680 2511; baseline 0.001 -23"><span class='ocrx_word' id='word_1_166' title='bbox 706 2431 776 2491; x_wconf 90' lang='lat' dir='ltr'><strong>tis</strong></span> <span class='ocrx_word' id='word_1_167' title='bbox 800 2429 1050 2491; x_wconf 86' lang='lat' dir='ltr'><strong>tenebrae</strong></span> <span class='ocrx_word' id='word_1_168' title='bbox 1061 2431 1210 2491; x_wconf 91' lang='lat' dir='ltr'><strong>entis</strong></span> <span class='ocrx_word' id='word_1_169' title='bbox 1227 2430 1522 2509; x_wconf 82' lang='lat' dir='ltr'><strong>splendori</strong></span> <span class='ocrx_word' id='word_1_170' title='bbox 1538 2443 1945 2511; x_wconf 85' lang='lat' dir='ltr'><strong>opponuntur,</strong></span> <span class='ocrx_word' id='word_1_171' title='bbox 1968 2433 2155 2511; x_wconf 84' lang='lat' dir='ltr'><strong>legere</strong></span> <span class='ocrx_word' id='word_1_172' title='bbox 2184 2450 2361 2510; x_wconf 82' lang='lat' dir='ltr'><strong>queas</strong></span> <span class='ocrx_word' id='word_1_173' title='bbox 2389 2429 2493 2491; x_wconf 70' lang='lat'><strong>:²0</strong></span> <span class='ocrx_word' id='word_1_174' title='bbox 2520 2430 2680 2511; x_wconf 77' lang='grc' dir='ltr'><strong>μέν...</strong></span> 
     </span>
     <span class='ocr_line' id='line_1_19' title="bbox 714 2519 2683 2627; baseline 0.002 -21"><span class='ocrx_word' id='word_1_175' title='bbox 714 2549 797 2609; x_wconf 79' lang='grc' dir='ltr'><strong>διὰ</strong></span> <span class='ocrx_word' id='word_1_176' title='bbox 823 2547 884 2607; x_wconf 82' lang='grc' dir='ltr'><strong>τὸ</strong></span> <span class='ocrx_word' id='word_1_177' title='bbox 901 2547 1163 2607; x_wconf 81' lang='grc' dir='ltr'>σκοτεινὸν</span> <span class='ocrx_word' id='word_1_178' title='bbox 1181 2553 1272 2608; x_wconf 74' lang='grc' dir='ltr'><strong>τοῦ</strong></span> <span class='ocrx_word' id='word_1_179' title='bbox 1290 2548 1453 2606; x_wconf 82' lang='grc' dir='ltr'>τόπου</span> <span class='ocrx_word' id='word_1_180' title='bbox 1472 2519 1802 2619; x_wconf 78' lang='grc' dir='ltr'>κατανοῆσαι</span> <span class='ocrx_word' id='word_1_181' title='bbox 1817 2547 2071 2627; x_wconf 80' lang='grc' dir='ltr'>χαλεπός.</span> <span class='ocrx_word' id='word_1_182' title='bbox 2083 2590 2118 2607; x_wconf 91' lang='grc'><strong>..</strong></span> <span class='ocrx_word' id='word_1_183' title='bbox 2150 2550 2179 2606; x_wconf 79' lang='grc' dir='ltr'><strong>ὃ</strong></span> <span class='ocrx_word' id='word_1_184' title='bbox 2193 2544 2250 2606; x_wconf 86' lang='grc' dir='ltr'><strong>δέ</strong></span> <span class='ocrx_word' id='word_1_185' title='bbox 2269 2570 2330 2627; x_wconf 83' lang='grc' dir='ltr'><strong>γε</strong></span> <span class='ocrx_word' id='word_1_186' title='bbox 2346 2545 2683 2626; x_wconf 57' lang='grc' dir='ltr'>φιλόςοφος...</span> 
     </span>
     <span class='ocr_line' id='line_1_20' title="bbox 717 2651 2679 2743; baseline -0.002 -23"><span class='ocrx_word' id='word_1_187' title='bbox 717 2661 803 2721; x_wconf 77' lang='grc' dir='ltr'><strong>διὰ</strong></span> <span class='ocrx_word' id='word_1_188' title='bbox 823 2659 883 2721; x_wconf 80' lang='grc' dir='ltr'><strong>τὸ</strong></span> <span class='ocrx_word' id='word_1_189' title='bbox 899 2662 1146 2742; x_wconf 79' lang='grc' dir='ltr'>λαμπρὸν</span> <span class='ocrx_word' id='word_1_190' title='bbox 1166 2651 1233 2720; x_wconf 66' lang='grc' dir='ltr'><strong>αὗ</strong></span> <span class='ocrx_word' id='word_1_191' title='bbox 1250 2667 1345 2735; x_wconf 76' lang='grc' dir='ltr'><strong>τῆς</strong></span> <span class='ocrx_word' id='word_1_192' title='bbox 1362 2661 1563 2743; x_wconf 82' lang='grc' dir='ltr'>χώρας,</span> <span class='ocrx_word' id='word_1_193' title='bbox 1577 2662 1821 2739; x_wconf 79' lang='grc' dir='ltr'>οὐδαμῶς</span> <span class='ocrx_word' id='word_1_194' title='bbox 1835 2661 2057 2736; x_wconf 72' lang='grc' dir='ltr'>εὐπετὴς</span> <span class='ocrx_word' id='word_1_195' title='bbox 2079 2665 2319 2741; x_wconf 73' lang='grc' dir='ltr'>ὀφθῆναι.</span> <span class='ocrx_word' id='word_1_196' title='bbox 2340 2661 2523 2739; x_wconf 78' lang='lat' dir='ltr'><strong>Soph.</strong></span> <span class='ocrx_word' id='word_1_197' title='bbox 2548 2682 2653 2734; x_wconf 86' lang='lat'><strong>177</strong></span> <span class='ocrx_word' id='word_1_198' title='bbox 2668 2705 2679 2716; x_wconf 93' lang='lat'><strong>.</strong></span> 
     </span>
     <span class='ocr_line' id='line_1_21' title="bbox 708 2769 2684 2855; baseline -0.001 -18"><span class='ocrx_word' id='word_1_199' title='bbox 708 2800 762 2841; x_wconf 89' lang='lat' dir='ltr'><strong>e.</strong></span> <span class='ocrx_word' id='word_1_200' title='bbox 798 2783 966 2837; x_wconf 85' lang='lat' dir='ltr'><strong>Parte</strong></span> <span class='ocrx_word' id='word_1_201' title='bbox 995 2779 1105 2837; x_wconf 90' lang='lat' dir='ltr'><strong>alia</strong></span> <span class='ocrx_word' id='word_1_202' title='bbox 1130 2779 1444 2839; x_wconf 81' lang='lat' dir='ltr'><strong>auxiliatur</strong></span> <span class='ocrx_word' id='word_1_203' title='bbox 1470 2779 1642 2839; x_wconf 90' lang='lat' dir='ltr'><strong>nobis</strong></span> <span class='ocrx_word' id='word_1_204' title='bbox 1668 2769 2040 2850; x_wconf 45' lang='lat' dir='ltr'><strong>Aristotele-ss</strong></span> <span class='ocrx_word' id='word_1_205' title='bbox 2059 2798 2191 2837; x_wconf 87' lang='lat' dir='ltr'><strong>cum</strong></span> <span class='ocrx_word' id='word_1_206' title='bbox 2234 2780 2296 2837; x_wconf 88' lang='lat' dir='ltr'><strong>in</strong></span> <span class='ocrx_word' id='word_1_207' title='bbox 2324 2797 2390 2837; x_wconf 89' lang='lat' dir='ltr'><strong>ea</strong></span> <span class='ocrx_word' id='word_1_208' title='bbox 2424 2778 2684 2855; x_wconf 81' lang='lat' dir='ltr'><strong>disputa-</strong></span> 
     </span>
     <span class='ocr_line' id='line_1_22' title="bbox 717 2893 2684 2971; baseline -0.002 -19"><span class='ocrx_word' id='word_1_209' title='bbox 717 2895 907 2970; x_wconf 83' lang='lat' dir='ltr'><strong>tione,</strong></span> <span class='ocrx_word' id='word_1_210' title='bbox 940 2893 1042 2951; x_wconf 90' lang='lat' dir='ltr'><strong>ubi</strong></span> <span class='ocrx_word' id='word_1_211' title='bbox 1090 2894 1398 2952; x_wconf 79' lang='lat' dir='ltr'><strong>Platonicae</strong></span> <span class='ocrx_word' id='word_1_212' title='bbox 1440 2895 1801 2970; x_wconf 84' lang='lat' dir='ltr'><strong>cosmologiae</strong></span> <span class='ocrx_word' id='word_1_213' title='bbox 1860 2893 2149 2971; x_wconf 84' lang='lat' dir='ltr'><strong>principia</strong></span> <span class='ocrx_word' id='word_1_214' title='bbox 2188 2893 2408 2951; x_wconf 85' lang='lat' dir='ltr'><strong>excutit</strong></span> <span class='ocrx_word' id='word_1_215' title='bbox 2431 2936 2449 2965; x_wconf 91' lang='lat'><strong>,</strong></span> <span class='ocrx_word' id='word_1_216' title='bbox 2502 2912 2684 2951; x_wconf 87' lang='lat' dir='ltr'><strong>unum</strong></span> 
     </span>
     <span class='ocr_line' id='line_1_23' title="bbox 709 3003 2684 3085; baseline -0.001 -21"><span class='ocrx_word' id='word_1_217' title='bbox 709 3019 885 3082; x_wconf 78' lang='lat' dir='ltr'><strong>atque</strong></span> <span class='ocrx_word' id='word_1_218' title='bbox 911 3003 1068 3062; x_wconf 89' lang='lat' dir='ltr'><strong>idem</strong></span> <span class='ocrx_word' id='word_1_219' title='bbox 1091 3023 1213 3062; x_wconf 90' lang='lat' dir='ltr'><strong>esse</strong></span> <span class='ocrx_word' id='word_1_220' title='bbox 1225 3004 1406 3085; x_wconf 83' lang='grc' dir='ltr'>χώραν</span> <span class='ocrx_word' id='word_1_221' title='bbox 1428 3017 1486 3062; x_wconf 87' lang='lat' dir='ltr'><strong>et</strong></span> <span class='ocrx_word' id='word_1_222' title='bbox 1507 3004 1667 3064; x_wconf 80' lang='grc' dir='ltr'>τόπον</span> <span class='ocrx_word' id='word_1_223' title='bbox 1690 3003 2065 3084; x_wconf 82' lang='lat' dir='ltr'><strong>pronuntiat(</strong></span> <span class='ocrx_word' id='word_1_224' title='bbox 2073 3008 2155 3079; x_wconf 92' lang='lat'><strong>1),</strong></span> <span class='ocrx_word' id='word_1_225' title='bbox 2175 3023 2281 3063; x_wconf 89' lang='lat' dir='ltr'><strong>nec</strong></span> <span class='ocrx_word' id='word_1_226' title='bbox 2306 3006 2489 3063; x_wconf 90' lang='lat' dir='ltr'><strong>ullum</strong></span> <span class='ocrx_word' id='word_1_227' title='bbox 2510 3005 2684 3063; x_wconf 86' lang='lat' dir='ltr'><strong>fuisse</strong></span> 
     </span>
     <span class='ocr_line' id='line_1_24' title="bbox 713 3105 2685 3197; baseline -0.002 -20"><span class='ocrx_word' id='word_1_228' title='bbox 713 3117 869 3197; x_wconf 83' lang='lat' dir='ltr'><strong>apud</strong></span> <span class='ocrx_word' id='word_1_229' title='bbox 901 3118 1195 3175; x_wconf 84' lang='lat' dir='ltr'><strong>Platonem</strong></span> <span class='ocrx_word' id='word_1_230' title='bbox 1224 3116 1375 3176; x_wconf 91' lang='lat' dir='ltr'><strong>inter</strong></span> <span class='ocrx_word' id='word_1_231' title='bbox 1399 3105 1712 3195; x_wconf 84' lang='lat' dir='ltr'><strong>utrumque</strong></span> <span class='ocrx_word' id='word_1_232' title='bbox 1736 3116 2044 3175; x_wconf 85' lang='lat' dir='ltr'><strong>discrimen</strong></span> <span class='ocrx_word' id='word_1_233' title='bbox 2079 3139 2093 3174; x_wconf 75' lang='grc' dir='ltr'><strong><em>ε</em></strong></span> <span class='ocrx_word' id='word_1_234' title='bbox 2125 3115 2270 3195; x_wconf 84' lang='grc' dir='ltr'>ὅμως</span> <span class='ocrx_word' id='word_1_235' title='bbox 2290 3117 2377 3177; x_wconf 82' lang='grc' dir='ltr'><strong>τὸν</strong></span> <span class='ocrx_word' id='word_1_236' title='bbox 2408 3116 2569 3177; x_wconf 89' lang='grc' dir='ltr'>τόπον</span> <span class='ocrx_word' id='word_1_237' title='bbox 2594 3115 2685 3176; x_wconf 71' lang='grc' dir='ltr'><strong>καὶ</strong></span> 
     </span>
     <span class='ocr_line' id='line_1_25' title="bbox 714 3229 2680 3308; baseline -0.001 -20"><span class='ocrx_word' id='word_1_238' title='bbox 714 3229 812 3301; x_wconf 79' lang='grc' dir='ltr'><strong>τὴν</strong></span> <span class='ocrx_word' id='word_1_239' title='bbox 832 3229 1014 3308; x_wconf 82' lang='grc' dir='ltr'>χώραν</span> <span class='ocrx_word' id='word_1_240' title='bbox 1034 3230 1096 3288; x_wconf 81' lang='grc' dir='ltr'><strong>τὸ</strong></span> <span class='ocrx_word' id='word_1_241' title='bbox 1122 3229 1249 3292; x_wconf 71' lang='grc' dir='ltr'>αὐτὸ</span> <span class='ocrx_word' id='word_1_242' title='bbox 1290 3229 1597 3308; x_wconf 76' lang='grc' dir='ltr'>ἀπεφῄνατο</span> <span class='ocrx_word' id='word_1_243' title='bbox 1629 3234 1680 3303; x_wconf 83' lang='grc' dir='ltr'><strong>(ὁ</strong></span> <span class='ocrx_word' id='word_1_244' title='bbox 1700 3229 1977 3302; x_wconf 84' lang='grc' dir='ltr'>Πλάτων).</span> <span class='ocrx_word' id='word_1_245' title='bbox 2013 3231 2196 3303; x_wconf 73' lang='lat' dir='ltr'><strong>Phys·</strong></span> <span class='ocrx_word' id='word_1_246' title='bbox 2223 3233 2323 3298; x_wconf 90' lang='lat' dir='ltr'><strong>IV,</strong></span> <span class='ocrx_word' id='word_1_247' title='bbox 2356 3231 2420 3301; x_wconf 74' lang='grc'><strong>4,</strong></span> <span class='ocrx_word' id='word_1_248' title='bbox 2447 3250 2507 3304; x_wconf 85' lang='lat' dir='ltr'><strong>p.</strong></span> <span class='ocrx_word' id='word_1_249' title='bbox 2536 3229 2680 3288; x_wconf 81' lang='grc'><strong><em>353.</em></strong></span> 
     </span>
    </p>
   </div>
   <div class='ocr_carea' id='block_1_3' title="bbox 714 3530 2693 3850">
    <p class='ocr_par' dir='ltr' id='par_1_4' title="bbox 714 3530 2693 3850">
     <span class='ocr_line' id='line_1_26' title="bbox 725 3530 2693 3602; baseline -0.003 -14"><span class='ocrx_word' id='word_1_250' title='bbox 725 3536 860 3600; x_wconf 80' lang='lat' dir='ltr'><strong>vim,</strong></span> <span class='ocrx_word' id='word_1_251' title='bbox 894 3550 986 3586; x_wconf 86' lang='lat' dir='ltr'><strong>nec</strong></span> <span class='ocrx_word' id='word_1_252' title='bbox 1024 3536 1188 3587; x_wconf 87' lang='lat' dir='ltr'><strong>Deum</strong></span> <span class='ocrx_word' id='word_1_253' title='bbox 1229 3551 1291 3587; x_wconf 82' lang='lat' dir='ltr'><strong>sx</strong></span> <span class='ocrx_word' id='word_1_254' title='bbox 1332 3534 1406 3585; x_wconf 80' lang='lat' dir='ltr'><strong>bis</strong></span> <span class='ocrx_word' id='word_1_255' title='bbox 1427 3552 1536 3602; x_wconf 85' lang='lat' dir='ltr'><strong>quae</strong></span> <span class='ocrx_word' id='word_1_256' title='bbox 1556 3552 1660 3586; x_wconf 89' lang='lat' dir='ltr'><strong>non</strong></span> <span class='ocrx_word' id='word_1_257' title='bbox 1697 3546 1860 3598; x_wconf 83' lang='lat' dir='ltr'><strong>erant,</strong></span> <span class='ocrx_word' id='word_1_258' title='bbox 1884 3532 2058 3584; x_wconf 85' lang='lat' dir='ltr'><strong>fecisse</strong></span> <span class='ocrx_word' id='word_1_259' title='bbox 2077 3530 2344 3596; x_wconf 80' lang='lat' dir='ltr'><strong>mundum,</strong></span> <span class='ocrx_word' id='word_1_260' title='bbox 2375 3530 2463 3582; x_wconf 87' lang='lat' dir='ltr'><strong>sed</strong></span> <span class='ocrx_word' id='word_1_261' title='bbox 2488 3547 2546 3582; x_wconf 82' lang='lat' dir='ltr'><strong>ea</strong></span> <span class='ocrx_word' id='word_1_262' title='bbox 2582 3547 2693 3598; x_wconf 79' lang='lat' dir='ltr'><strong>quae</strong></span> 
     </span>
     <span class='ocr_line' id='line_1_27' title="bbox 724 3614 2691 3684; baseline -0.002 -17"><span class='ocrx_word' id='word_1_263' title='bbox 724 3628 872 3667; x_wconf 80' lang='lat' dir='ltr'><strong>erant</strong></span> <span class='ocrx_word' id='word_1_264' title='bbox 895 3615 999 3667; x_wconf 84' lang='lat' dir='ltr'><strong>sine</strong></span> <span class='ocrx_word' id='word_1_265' title='bbox 1013 3617 1192 3668; x_wconf 86' lang='lat' dir='ltr'><strong>ordine</strong></span> <span class='ocrx_word' id='word_1_266' title='bbox 1210 3630 1263 3669; x_wconf 84' lang='lat' dir='ltr'><strong>et</strong></span> <span class='ocrx_word' id='word_1_267' title='bbox 1295 3616 1466 3684; x_wconf 85' lang='lat' dir='ltr'><strong>modo,</strong></span> <span class='ocrx_word' id='word_1_268' title='bbox 1493 3616 1770 3669; x_wconf 80' lang='lat' dir='ltr'><strong>ordinasse.</strong></span> <span class='ocrx_word' id='word_1_269' title='bbox 1799 3618 1979 3683; x_wconf 85' lang='lat' dir='ltr'><strong>Itaque</strong></span> <span class='ocrx_word' id='word_1_270' title='bbox 1999 3617 2167 3682; x_wconf 84' lang='lat' dir='ltr'><strong>potius</strong></span> <span class='ocrx_word' id='word_1_271' title='bbox 2195 3632 2251 3667; x_wconf 84' lang='lat' dir='ltr'><strong>ea</strong></span> <span class='ocrx_word' id='word_1_272' title='bbox 2267 3632 2378 3681; x_wconf 82' lang='lat' dir='ltr'><strong>quae</strong></span> <span class='ocrx_word' id='word_1_273' title='bbox 2400 3614 2691 3666; x_wconf 80' lang='lat' dir='ltr'><strong>existebant</strong></span> 
     </span>
     <span class='ocr_line' id='line_1_28' title="bbox 714 3696 2688 3768; baseline -0.003 -18"><span class='ocrx_word' id='word_1_274' title='bbox 714 3715 995 3762; x_wconf 79' lang='lat' dir='ltr'><strong>exornasse,</strong></span> <span class='ocrx_word' id='word_1_275' title='bbox 1019 3718 1173 3767; x_wconf 84' lang='lat' dir='ltr'><strong>quam</strong></span> <span class='ocrx_word' id='word_1_276' title='bbox 1192 3717 1450 3768; x_wconf 84' lang='lat' dir='ltr'><strong>generasse</strong></span> <span class='ocrx_word' id='word_1_277' title='bbox 1473 3718 1531 3753; x_wconf 86' lang='lat' dir='ltr'><strong>ea</strong></span> <span class='ocrx_word' id='word_1_278' title='bbox 1556 3716 1666 3768; x_wconf 74' lang='lat' dir='ltr'><strong>quoe</strong></span> <span class='ocrx_word' id='word_1_279' title='bbox 1687 3717 1788 3752; x_wconf 89' lang='lat' dir='ltr'><strong>non</strong></span> <span class='ocrx_word' id='word_1_280' title='bbox 1813 3711 1973 3750; x_wconf 76' lang='lat' dir='ltr'><strong>erant.</strong></span> <span class='ocrx_word' id='word_1_281' title='bbox 2001 3721 2023 3746; x_wconf 76' lang='grc' dir='ltr'>ι</span> <span class='ocrx_word' id='word_1_282' title='bbox 2059 3701 2251 3751; x_wconf 78' lang='lat' dir='ltr'><strong>Comm.</strong></span> <span class='ocrx_word' id='word_1_283' title='bbox 2275 3700 2335 3749; x_wconf 75' lang='lat' dir='ltr'><strong>in</strong></span> <span class='ocrx_word' id='word_1_284' title='bbox 2365 3696 2548 3747; x_wconf 74' lang='lat' dir='ltr'><strong>Timoe.</strong></span> <span class='ocrx_word' id='word_1_285' title='bbox 2574 3712 2688 3760; x_wconf 82' lang='lat' dir='ltr'><strong>cap.</strong></span> 
     </span>
     <span class='ocr_line' id='line_1_29' title="bbox 719 3777 2690 3850; baseline -0.004 -18"><span class='ocrx_word' id='word_1_286' title='bbox 719 3784 767 3847; x_wconf 84' lang='lat'><strong>2,</strong></span> <span class='ocrx_word' id='word_1_287' title='bbox 794 3781 820 3850; x_wconf 89' lang='lat'>§</span> <span class='ocrx_word' id='word_1_288' title='bbox 844 3784 901 3833; x_wconf 76' lang='grc'><strong>34</strong></span> <span class='ocrx_word' id='word_1_289' title='bbox 920 3816 932 3829; x_wconf 92' lang='grc'><strong>.</strong></span> <span class='ocrx_word' id='word_1_290' title='bbox 957 3780 1039 3833; x_wconf 83' lang='lat' dir='ltr'><strong>Cf.</strong></span> <span class='ocrx_word' id='word_1_291' title='bbox 1064 3780 1411 3848; x_wconf 86' lang='lat' dir='ltr'><strong>Moshemium‚</strong></span> <span class='ocrx_word' id='word_1_292' title='bbox 1435 3783 1870 3845; x_wconf 84' lang='lat' dir='ltr'><strong>Tennemannum,</strong></span> <span class='ocrx_word' id='word_1_293' title='bbox 1894 3790 1946 3829; x_wconf 81' lang='lat' dir='ltr'><strong>et</strong></span> <span class='ocrx_word' id='word_1_294' title='bbox 1962 3777 2087 3830; x_wconf 86' lang='lat' dir='ltr'><strong>alios</strong></span> <span class='ocrx_word' id='word_1_295' title='bbox 2107 3796 2234 3845; x_wconf 86' lang='lat' dir='ltr'><strong>quos</strong></span> <span class='ocrx_word' id='word_1_296' title='bbox 2262 3795 2410 3845; x_wconf 79' lang='lat' dir='ltr'><strong>supra</strong></span> <span class='ocrx_word' id='word_1_297' title='bbox 2435 3793 2690 3828; x_wconf 80' lang='lat' dir='ltr'><strong>memora-</strong></span> 
     </span>
    </p>
   </div>
   <div class='ocr_carea' id='block_1_4' title="bbox 724 3884 2053 4020">
    <p class='ocr_par' dir='ltr' id='par_1_5' title="bbox 724 3884 2053 4020">
     <span class='ocr_line' id='line_1_30' title="bbox 724 3884 2053 4020; baseline -0.007 -21"><span class='ocrx_word' id='word_1_298' title='bbox 724 3884 1055 4016; x_wconf 45' lang='grc' dir='ltr'><strong>Ἦῐὸῗθὶηιγε.</strong></span> <span class='ocrx_word' id='word_1_299' title='bbox 1077 3950 1163 4015; x_wconf 84' lang='lat' dir='ltr'><strong>lv,</strong></span> <span class='ocrx_word' id='word_1_300' title='bbox 1184 3952 1235 4015; x_wconf 81' lang='lat'><strong>2,</strong></span> <span class='ocrx_word' id='word_1_301' title='bbox 1256 3952 1305 4013; x_wconf 86' lang='lat'><strong>4,</strong></span> <span class='ocrx_word' id='word_1_302' title='bbox 1332 3965 1383 4014; x_wconf 91' lang='lat' dir='ltr'><strong>p.</strong></span> <span class='ocrx_word' id='word_1_303' title='bbox 1410 3947 1525 4011; x_wconf 82' lang='lat'><strong>352,</strong></span> <span class='ocrx_word' id='word_1_304' title='bbox 1550 3946 1673 3997; x_wconf 79' lang='lat'><strong>353.</strong></span> <span class='ocrx_word' id='word_1_305' title='bbox 1698 3944 1844 4020; x_wconf 73' lang='lat' dir='ltr'><strong>Edit.</strong></span> <span class='ocrx_word' id='word_1_306' title='bbox 1866 3943 2053 3992; x_wconf 76' lang='lat' dir='ltr'><strong>Daval.</strong></span> 
     </span>
    </p>
   </div>
   <div class='ocr_carea' id='block_1_5' title="bbox 3050 1863 3059 2764">
    <p class='ocr_par' dir='ltr' id='par_1_6' title="bbox 3050 1863 3059 2764">
     <span class='ocr_line' id='line_1_31' title="bbox 3050 1863 3059 2764; baseline 0 0"><span class='ocrx_word' id='word_1_307' title='bbox 3050 1863 3059 2764; x_wconf 95' lang='lat' dir='ltr'><strong> </strong></span> 
     </span>
    </p>
   </div>
  </div>
 </body>
</html>
