3094 4963
1744 549 1819 600 58

786 684 920 728 tone
956 672 1131 750 recipi
1175 671 1595 730 affirmantibus
1635 692 1837 751 graves
1879 693 2067 733 moras
2110 675 2363 753 objicere
2410 690 2610 754 queat,
2658 691 2763 735 aut

786 805 890 843 nos
921 786 1039 843 ullo
1070 785 1455 845 inextricabili
1484 786 1642 844 nodo
1670 786 1968 866 impediat.

866 923 922 960 2.
954 902 1139 975 Illud,
1172 902 1329 980 quod
1375 903 1437 960 in
1467 902 1764 961 Platonica
1812 902 2075 961 doctrina
2125 906 2435 965 materialis
2482 908 2755 986 principii

781 1029 973 1094 partes
995 1016 1220 1094 implet,
1266 1017 1407 1075 nihil
1445 1017 1599 1076 aliud
1639 1037 1813 1094 quam
1847 1022 2006 1095 Dyas
2038 1031 2164 1095 est3
2194 1023 2353 1097 Dyas
2380 1033 2597 1088 autem,
2627 1041 2762 1097 quae

781 1110 997 1207 duplici
1049 1128 1278 1202 infinito
1324 1142 1578 1205 constat,
1622 1131 1823 1188 relatio
1876 1131 2281 1191 tantummodo
2326 1131 2596 1191 habenda
2644 1145 2755 1202 est,

781 1261 972 1321 neque
1001 1244 1056 1302 vi
1085 1245 1323 1323 propria
1352 1264 1418 1303 ac
1452 1246 1705 1324 peculari
1744 1247 1958 1305 existit.

865 1360 922 1416 3.
955 1358 1107 1417 Illud
1139 1359 1201 1417 in
1231 1359 1437 1438 Dyade
1467 1360 1719 1440 positum
1750 1360 2040 1419 infinitum
2083 1362 2480 1440 accipiendum
2518 1377 2605 1422 est
2650 1383 2757 1441 pro

782 1484 1108 1546 non-ente3
1135 1492 1207 1529 ex
1236 1485 1526 1532 non-ente
1555 1485 1746 1531 autem
1785 1485 1959 1550 atque
1994 1486 2149 1549 ente,
2194 1474 2389 1532 omnia
2428 1475 2758 1534 conflantur

780 1595 839 1641 et
871 1581 1223 1640 efficiuntur.
1258 1586 1383 1638 Hoc
1411 1601 1530 1639 non
1561 1600 1665 1640 ens
1684 1582 2042 1641 Platonicum
2084 1585 2326 1642 omnino
2355 1584 2641 1664 discrepat
2683 1588 2757 1644 ab

777 1697 878 1755 illo
908 1709 1188 1755 non-ente
1215 1697 1277 1755 in
1307 1697 1595 1775 potentia,
1623 1696 1783 1774 quod
1829 1696 1937 1756 sibi
1969 1699 2270 1777 proprium
2310 1699 2562 1758 vindicat
2587 1701 2755 1761 Aris-

782 1812 1002 1872 toteleS.

863 1933 920 1991 4.
942 1929 1120 1984 Totus
1131 1922 1248 1996 hic,
1274 1924 1376 2001 qui
1393 1923 1658 1983 sensibus
1677 1925 1995 2004 percipitur
2019 1926 2293 1998 munduS,
2310 1926 2355 1985 si
2383 1926 2445 1984 in
2459 1927 2755 1985 *elementa

779 2044 1147 2116 dissolvatur,
1178 2043 1251 2102 ad
1279 2056 1470 2103 motus
1495 2056 1555 2102 et
1577 2043 1787 2121 figuras
1817 2044 1992 2117 redit,
2034 2045 2137 2123 qui
2165 2045 2240 2104 ad
2268 2045 2547 2105 mundum
2575 2046 2756 2102 intel-

776 2156 1054 2234 ligibilem
1096 2154 1384 2214 referendi
1410 2169 1547 2215 sunt
1580 2168 1637 2215 et
1662 2157 1800 2217 inde
1837 2177 2066 2216 omnem
2093 2158 2376 2238 originem
2404 2159 2644 2217 ducunt.

862 2271 915 2330 5.
970 2271 1212 2332 Animus
1241 2272 1617 2352 intelligibilis
1662 2273 1863 2332 mundi
1915 2294 2048 2353 pars
2074 2288 2161 2336 est
2198 2295 2232 2334 a
2275 2275 2602 2354 principio:
2653 2276 2752 2332 illo

774 2386 1104 2446 continetur
1142 2400 1204 2446 et
1249 2387 1602 2466 implicatur,
1635 2387 1780 2446 adeo
1825 2400 1889 2446 ut
1919 2407 1992 2447 ex
2033 2388 2234 2448 eadem
2264 2388 2599 2458 admodum,
2634 2410 2750 2466 qua

774 2500 1029 2559 mundus
1056 2502 1180 2580 ipse
1199 2500 1319 2573 ille,
1346 2519 1517 2559 causa
1539 2500 1801 2578 prodeat.
1958 2583 1962 2587 β

853 2615 915 2674 6.
947 2617 1088 2687 Quae
1114 2613 1349 2691 proprie
1397 2612 1673 2672 dicuntur
1697 2613 1842 2673 ideae
1882 2633 1915 2672 e
1954 2611 2240 2694 superiori
2278 2615 2526 2694 quadam
2582 2617 2706 2675 idea
2729 2664 2745 2692 ,

771 2724 931 2782 unde
957 2726 1308 2785 evolvuntur
1327 2738 1386 2784 et
1405 2745 1523 2803 qua
1541 2726 1830 2799 nituntur,
1862 2747 2064 2788 omnes
2097 2728 2377 2807 pendent.
2430 2729 2535 2787 Illa
2557 2743 2744 2787 autem

771 2837 903 2897 idea
959 2840 1263 2919 princepS,
1294 2841 1562 2900 videlicet
1607 2843 1799 2920 ipsum
1842 2841 2095 2917 bonum,
2128 2843 2332 2902 mundi
2374 2843 2747 2921 intelligibilis

773 2952 902 3012 fons
936 2954 1325 3014 sanctissimus
1350 2967 1458 3028 est,
1493 2955 2142 3037 praestantissimumque
2168 2959 2542 3039 principium.

856 3088 914 3139 7.
940 3071 1119 3140 DeuS,
1149 3067 1357 3127 vivens
1378 3087 1670 3147 agensque
1698 3074 1888 3143 Deus,·
1910 3072 2069 3149 quod
2094 3073 2256 3152 prius
2296 3093 2415 3132 non
2458 3058 2606 3141 erat,
2637 3073 2749 3131 hoc

772 3193 839 3239 ut
863 3181 939 3240 sit
965 3183 1194 3242 efficere
1218 3183 1371 3242 valet
1395 3205 1412 3257 ;
1458 3184 1581 3243 haec
1625 3185 1781 3244 illius
1807 3186 1989 3244 virtus
2009 3188 2252 3264 ipsaque
2275 3199 2482 3245 natura
2508 3198 2615 3246 est.
2641 3185 2750 3246 llle

768 3294 1075 3371 utriusque
1102 3293 1332 3365 mundi,
1359 3306 1418 3351 et
1445 3295 1546 3370 qui
1574 3296 1924 3375 concipitur,
1954 3309 2013 3355 et
2041 3298 2143 3375 qui
2172 3295 2511 3377 percipitur,
2541 3309 2751 3357 auctor

768 3421 826 3467 et
853 3421 1077 3468 creator
1115 3422 1245 3469 est=
1292 3410 1385 3469 ille
1417 3410 1692 3470 omnibus
1737 3411 1911 3473 rebus
1955 3414 2133 3473 vitam
2173 3428 2512 3493 motumque
2541 3412 2738 3485 assert3

767 3523 862 3580 ille
911 3523 1139 3583 infinito
1193 3524 1505 3603 quamdam
1552 3526 1699 3586 entis
1739 3540 1980 3603 partem,
2024 3528 2071 3586 si
2118 3548 2235 3606 qua
2273 3529 2334 3587 in
2364 3525 2596 3587 infinito
2623 3527 2736 3601 sit,

769 3639 1172 3697 communicat.
