3094 4963
1324 476 1408 537 27

467 611 596 666 Jam
617 607 753 664 satis
777 604 1234 662 demonstratum
1267 600 1437 660 nobis
1452 620 1587 661 esse
1615 600 1862 674 videtur,
1904 596 2109 678 Dyad'a
2153 593 2259 683 per
2298 617 2360 659 se

387 722 574 798 ipsam
598 718 906 779 essentiam
935 736 1055 775 non
1083 715 1314 791 habere,
1340 735 1447 773 nec
1485 715 1665 774 ullam
1697 715 1864 773 aliam
1903 735 2025 774 rem
2056 734 2202 787 esse,
2245 714 2357 773 nisi

390 802 606 891 meram
636 832 997 903 relationem,
1043 842 1219 906 atque
1239 828 1372 887 ideo
1405 829 1559 886 inter
1586 826 1939 886 substantias
1976 830 2138 887 nullo
2178 828 2358 887 modo

390 948 845 1007 adscribendam.
876 945 1039 1006 Adeo
1066 958 1132 1003 ut
1159 945 1303 1003 nihil
1323 942 1637 1002 admodum
1657 945 1891 1022 gignere
1918 945 2098 1022 possit
2119 988 2136 1017 ,
2179 957 2357 1021 atque

388 1061 488 1120 illa
505 1081 646 1121 vera
673 1075 1009 1138 aeternaque
1046 1060 1307 1133 materia,
1333 1059 1407 1118 de
1430 1079 1547 1137 qua
1569 1061 1878 1119 nonnullas
1904 1060 2130 1120 scholas
2156 1059 2358 1136 dispu-

392 1186 537 1233 tasse
562 1175 915 1245 invenimus,
946 1175 1286 1251 neutiquam
1318 1171 1594 1232 habenda
1612 1173 1707 1235 sit.

1327 1572 1433 1627 ΙΙΙ.

471 1940 526 1999 si
555 1939 686 2017 quis
717 1951 908 1997 autem
937 1938 1098 2015 velit,
1130 1938 1273 2015 quid
1301 1939 1376 1999 sit
1400 1938 1558 2017 apud
1587 1941 1892 1999 Platonem
1921 1942 2179 2013 materia,
2212 1942 2362 2003 defi-

392 2053 540 2126 nire,
569 2072 684 2111 non
707 2052 843 2110 satis
868 2070 993 2110 esse
1013 2050 1346 2125 arbitretur,
1367 2052 1586 2113 sidicat
1602 2072 1727 2111 eam
1749 2064 1873 2112 esse
1891 2075 2107 2113 meram
2131 2057 2363 2116 relatio-

390 2182 543 2238 nem,
571 2175 745 2239 atque
766 2162 827 2219 in
860 2161 1061 2219 ultima
1082 2162 1234 2250 entis
1253 2164 1540 2239 categoria
1560 2163 1955 2229 collocandam
1979 2185 1993 2222 τ
2026 2185 2151 2227 eam
2166 2179 2358 2226 autem

389 2295 492 2335 ens
510 2293 632 2333 esse
653 2274 897 2332 omnino
922 2273 1277 2351 negandum.
1292 2273 1461 2348 Quod
1483 2274 1722 2351 quidem
1744 2295 1815 2363 εἷς
1839 2275 2188 2353 quibusdam
2210 2282 2361 2341 Aris·

392 2390 575 2448 totelis
597 2388 809 2462 verbiS,
835 2401 891 2446 et
913 2387 1243 2466 planissime
1263 2407 1337 2444 ex
1357 2388 1624 2466 Sophista
1645 2401 1891 2449 constat.

469 2509 790 2568 Audiamus
807 2508 996 2585 primo
1013 2509 1374 2566 Aristotelem
1391 2532 1408 2566 ι
1431 2533 1457 2559 «
1472 2511 1617 2566 Cum
1637 2510 1832 2570 multae
1844 2509 2156 2568 sintcausae
2175 2531 2356 2589 quare

389 2626 551 2685 Plato
567 2637 625 2682 et
637 2624 790 2682 illius
809 2624 1005 2681 schola
1020 2624 1083 2680 in
1112 2623 1246 2680 talia
1266 2643 1458 2681 rerum
1484 2624 1763 2701 principia
1775 2626 1923 2703 lapsi
1944 2626 2084 2698 sint,
2109 2628 2206 2686 illa
2222 2640 2358 2690 ante

388 2739 526 2798 alias
556 2737 826 2816 ponenda
853 2750 963 2812 est,
1017 2736 1178 2814 quod
1203 2757 1362 2795 more
1386 2738 1630 2814 antiquo
1654 2739 2053 2815 philosophari
2075 2742 2354 2799 solebant.

386 2857 704 2916 Videbatur
727 2856 880 2915 enim
905 2855 989 2914 eis
1008 2855 1204 2912 omnia
1221 2856 1378 2913 entia
1400 2853 1528 2914 ¹fore
1551 2874 1760 2927 unum,
1790 2856 2006 2914 scilicet
2022 2857 2211 2935 ipsum
2232 2878 2355 2934 ens,

387 2977 496 3037 nisi
523 2977 655 3054 quis
668 2973 1070 3033 Parmenidem
1099 2973 1358 3034 refellere
1381 2974 1518 3033 velit
1539 2974 1625 3053 (1)
1645 2988 1707 3033 et
1730 2988 2136 3053 argumentum
2160 2976 2357 3036 tollere

386 3111 506 3169 quo
533 3071 839 3148 non-entia
857 3108 980 3147 esse
998 3089 1244 3145 omnino
1268 3088 1375 3146 iste
1397 3088 1666 3168 negabat.
1692 3094 1823 3163 Quo
1843 3108 1985 3148 vero
2012 3091 2353 3156 sententiam

386 3226 551 3266 suam
590 3204 801 3264 certius
830 3201 1245 3281 approbarent,
1283 3221 1511 3262 necesse
1534 3216 1660 3263 erat
1697 3216 1764 3261 ut
1796 3204 2200 3277 ostenderent,
2232 3224 2355 3264 esse

385 3323 540 3402 quod
569 3340 824 3381 non-ens
850 3318 1098 3391 dicitur3
1129 3318 1267 3377 inde
1293 3319 1448 3378 enim
1485 3332 1611 3378 erat
1631 3319 2096 3379 concludendum
2122 3341 2197 3379 ex
2219 3333 2356 3378 ente

386 3458 562 3520 atque
583 3443 697 3502 alio
730 3417 926 3517 alioue
967 3440 1241 3517 adjuncto
1266 3440 1420 3498 entia
1448 3440 1597 3513 fore,
1624 3442 1671 3499 si
1716 3442 1895 3499 multa
1917 3454 2072 3499 sunt.
2108 3467 2132 3493 ι»
2165 3438 2354 3502 Πολλὰ

389 3561 484 3639 μὲν
524 3548 614 3617 oliv
642 3557 710 3618 τὰ
750 3561 897 3618 αἴτια
926 3560 1022 3627 τῆς
1061 3557 1150 3616 ἐπὶ
1185 3556 1381 3623 ταύτας
1429 3555 1539 3628 τὰς,
1560 3555 1733 3624 αἰτίας
1766 3560 2027 3636 ἐκτροπῆς
2053 3600 2070 3627 ,
2120 3556 2355 3634 μάλιστα
2425 3613 2434 3622 ,

455 3811 530 3880 (1)
557 3820 643 3865 Τὸν
665 3818 745 3865 τοῦ
767 3818 941 3880 πατρὶς
956 3811 1242 3874 Παρμενίδου
1268 3812 1398 3871 λόγον
1415 3816 1660 3871 ἀναγκαῖον
1677 3816 1784 3874 ἡμῖν
1807 3818 2100 3875 ἀμυνομένοις
2123 3814 2245 3859 ἔσται
2268 3815 2355 3872 βα·

390 3903 580 3955 σανὶζειν
601 3902 677 3946 καὶ
700 3900 962 3961 βιάζεσθαι,
983 3900 1054 3956 τό,
1092 3912 1146 3943 τε
1180 3898 1248 3956 μὴ
1282 3894 1330 3940 ὅν
1369 3894 1428 3947 ὡς
1456 3895 1550 3941 ἔστι
1580 3899 1699 3942 κατά
1729 3913 1792 3952 τι,
1819 3897 1893 3942 καὶ
1923 3899 1977 3942 τὸ
1995 3896 2045 3942 *ον
2065 3889 2124 3942 αὖ
2147 3892 2283 3942 πάλιν
2297 3893 2355 3945 ὡς

388 3981 465 4028 οὐκ
484 3981 579 4029 ἔστι
600 3997 683 4036 πη.
708 3973 865 4043 ὁόρῘι.
893 3976 1004 4025 ¹69.
1034 3989 1079 4023 e.
1102 3970 1182 4023 Cf.
1218 3971 1356 4021 Ibid.
1385 3973 1494 4023 ⁴80.
1522 3987 1566 4023 e.
