3094 4963
1694 488 1731 542 4

714 613 872 693 apud
902 614 1269 675 Aristotelem
1308 616 1409 688 sit,
1453 614 1614 672 nullo
1658 614 1831 671 modo
1871 614 2086 693 ambigi
2128 626 2335 694 potest.
2384 619 2681 677 Platonem

713 725 855 788 vero
880 729 1018 788 huic
1043 730 1341 789 sententiae
1368 727 1690 793 accessisse,
1720 739 1779 785 et
1805 729 1971 804 quasi
1999 728 2058 786 in
2086 730 2297 790 erroris
2325 732 2681 791 consortium

710 842 962 917 venisse,
1005 862 1125 900 non
1162 841 1242 900 sic
1271 839 1573 899 manifesta
1611 838 2102 898 demonstratione
2131 841 2532 900 confirmatum
2558 856 2679 915 est,

711 968 779 1013 ut
796 954 893 1014 hic
914 957 1034 1034 jam
1054 954 1247 1014 nullus
1274 952 1349 1012 sit
1377 953 1711 1029 inquirendi
1735 972 1802 1010 ac
1832 951 2190 1033 disceptandi
2216 955 2398 1012 locus.
2431 954 2601 1028 Quod
2631 957 2680 1014 si

710 1084 954 1144 magnus
975 1083 1251 1124 numerus
1272 1063 1749 1142 peritissimorum
1784 1078 1957 1142 atque
1982 1065 2503 1124 eruditissimorum
2529 1065 2679 1124 viro·

709 1198 840 1236 rum
863 1183 1052 1236 Deum
1079 1176 1335 1235 Platonis
1351 1175 1584 1234 creandi
1607 1190 1889 1255 potestate
1931 1196 2124 1236 carere
2166 1177 2540 1239 affirmaverit
2561 1180 2674 1259 (1),

708 1292 1057 1376 contrariam
1102 1291 1436 1369 opinionem
1484 1304 1719 1350 tuentur
1763 1292 2051 1369 nonnulli,
2076 1313 2325 1371 quorum
2370 1295 2677 1353 auctoritas

707 1404 865 1463 haud
893 1420 1070 1483 parva
1092 1416 1231 1463 sa‘ne
1256 1424 1321 1463 ac
1350 1424 1718 1482 nequaquam
1747 1405 2174 1464 contemnenda
2200 1406 2272 1465 sit
2295 1404 2408 1485 (2).

782 1513 893 1575 Hic
916 1518 1094 1595 igitur
1118 1506 1371 1576 occurrit
1397 1517 1589 1596 gravis
1614 1518 1951 1595 quaesti0,et
1977 1538 2154 1595 quam
2184 1519 2507 1597 perspicere
2530 1539 2673 1598 pro·

708 1632 860 1690 fecto
882 1632 1074 1709 operae
1100 1629 1349 1708 pretium
1380 1630 1473 1691 sit.
1505 1634 1632 1689 Jam
1663 1630 1855 1693 deilla
1882 1632 2058 1689 semel
2086 1643 2260 1708 atque
2286 1631 2498 1693 iterum
2521 1634 2673 1691 inter

768 1911 843 1980 (1)
868 1913 1004 1962 Inter
1040 1910 1154 1961 illos
1178 1913 1283 1975 qui,
1314 1911 1458 1976 juxta
1481 1908 1711 1962 Platonis
1742 1921 1985 1975 mentem,
2019 1928 2049 1960 a
2086 1912 2195 1961 Deo
2215 1911 2384 1963 .fuisse
2423 1911 2671 1963 mundum

700 1994 979 2048 conflatum
1002 2011 1064 2046 ex
1098 1992 1338 2061 quadam,
1382 2012 1492 2060 quae
1526 2005 1676 2046 antea
1709 2005 1836 2058 erat,
1876 1995 2087 2046 materia
2114 1993 2393 2057 affirmant,
2418 1994 2667 2045 laudandi

696 2083 976 2148 proesertim
1001 2098 1015 2130 t

767 2163 978 2216 Proclus
991 2202 1004 2225 ,
1020 2162 1294 2213 Comment
1305 2197 1317 2210 .
1342 2162 1395 2211 in
1414 2162 1680 2211 Timoeum.

764 2245 1078 2310 chalcidius,
1096 2247 1388 2298 Commeat.
1414 2247 1468 2296 in
1485 2245 1754 2296 Timaeum.

759 2328 993 2382 Gassend
1011 2347 1084 2393 us,
1108 2329 1369 2397 Physices,
1401 2329 1585 2391 sect.1,
1611 2326 1705 2378 lib.
1735 2328 1790 2377 1.

761 2411 1085 2478 Thomasius‚
1107 2410 1492 2463 schediasmate
1522 2407 1899 2476 philosophico.

760 2496 861 2547 Tb.
883 2497 1150 2554 Burnetus‚
1177 2491 1495 2560 Archaeolog.
1522 2488 1813 2559 philosoph.
1838 2493 1862 2543 1
1885 2501 1937 2543 et
1962 2493 2033 2543 11.

764 2575 1089 2639 Mosliemius,
1112 2573 1176 2624 de
1193 2574 1464 2624 Creatione
1483 2589 1545 2623 ex
1565 2572 1743 2624 nihilo.

757 2657 1002 2724 Olivetus,
1028 2656 1304 2706 Annotatio
1327 2654 1392 2707 ad
1415 2657 1623 2706 tertium
1643 2654 1730 2707 lib.
1751 2654 1817 2707 de
1833 2657 1953 2708 Nat..
1979 2658 2222 2712 Deorum.

755 2736 1057 2801 Bruckerus,
1080 2734 1305 2787 Historia
1326 2737 1504 2787 critica
1526 2734 1875 2803 philosophiae.
2223 2742 2233 2752 ’

757 2823 1170 2885 Tennemannus,
1187 2820 1413 2872 Historia
1430 2818 1617 2885 philos.
1636 2831 1687 2871 et
1707 2818 1953 2871 Manuale.

753 2938 831 3006 (2)
853 2939 995 3001 Quos
1022 2939 1154 2988 inter
1191 2937 1511 3002 potissimum
1537 2935 1856 2987 memorandi
1877 2954 1889 2984 ε

751 3020 1085 3087 Porphyrius,
1106 3016 1243 3085 apud
1264 3017 1521 3082 Proclum‚
1551 3019 1842 3069 Commeat.
1884 3019 1940 3069 in
1956 3019 2233 3070 Timoeum.

757 3103 994 3155 Clemens
1013 3099 1403 3166 Alexandrinus,
1429 3102 1683 3155 stromat.
1698 3099 1796 3152 lib.
1819 3101 1888 3151 V.

754 3184 1031 3248 Hierocles,
1059 3183 1196 3250 apud
1212 3184 1470 3236 Photium.

752 3266 1003 3319 Marsilius
1020 3265 1244 3328 Ficinus,
1268 3267 1320 3317 in
1337 3264 1513 3317 Indice
1530 3265 1759 3318 Platonis
1776 3265 2016 3333 operibus
2036 3266 2285 3332 subjecto.

747 3350 988 3416 Bessario,
1017 3353 1077 3401 In
1094 3348 1398 3402 calumniat.
1432 3347 1676 3412 Platonis,
1703 3349 1772 3400 11.

748 3436 897 3505 Hugo
925 3436 1151 3496 Grotius,
1185 3433 1316 3487 Not.
1349 3431 1417 3484 ad
1435 3429 1529 3483 lib.
1560 3431 1625 3484 de
1647 3433 1807 3484 Vei-it.
1829 3431 1970 3500 relig.
1997 3430 2193 3483 Christ.
2221 3435 2261 3485 Ι.

750 3519 813 3569 P.
840 3521 975 3571 Dan.
1014 3520 1243 3578 Huetius‚
1268 3517 1570 3578 Questiones
1586 3515 1649 3566 de
1667 3514 1941 3568 concordia
1964 3518 2175 3568 rationis
2192 3528 2243 3568 et
2265 3515 2397 3586 fidei,
2422 3520 2493 3570 11.

748 3600 913 3653 Andr.
935 3600 1197 3660 Dacierus,
1218 3600 1271 3648 in
1291 3598 1395 3650 vita
1429 3596 1675 3651 Platonis.

748 3682 923 3738 Livius
941 3681 1200 3743 Galantes,
1220 3681 1452 3746 Compar.
1472 3678 1663 3731 Christ.
1686 3678 1971 3748 Theologiae
1995 3697 2110 3735 cum
2144 3681 2429 3752 Platonica,
2457 3683 2550 3736 IX.

751 3770 834 3821 Jo.
855 3766 974 3820 Alb.
990 3764 1273 3828 Fabricius,
1292 3762 1532 3815 Biblioth.
1553 3765 1718 3816 Groec.
1744 3765 1820 3828 11,
1841 3768 1922 3817 ¹2.

744 3847 1005 3915 Radulph.
1040 3844 1400 3910 Cndworthus,
1428 3846 1663 3913 Systcma
1686 3844 2042 3911 intellectuale,
2066 3849 2129 3901 V.

745 3936 991 3999 Ritterus„
1014 3931 1216 3985 Histor.
1240 3927 1589 3997 philosophiae,
1613 3926 1714 3982 lib.
1741 3928 1885 3982 vm.
