3094 4963
1673 535 1750 590 20

712 663 1143 725 multitudinem
1167 664 1228 723 in
1253 663 1469 743 duplici
1491 683 1699 742 genere
1721 663 2133 742 comprehendi
2152 675 2210 722 et
2236 663 2345 723 sub
2372 644 2494 742 lege
2522 669 2679 743 Dya-

712 778 802 838 dis
827 779 1100 858 componi
1127 799 1201 839 ex
1227 798 1403 858 supra
1431 778 1599 837 dictis
1623 789 1868 837 constat.

788 908 1118 976 Infinitum,
1156 907 1219 965 in
1263 907 1415 964 hane
1452 905 1795 964 sententiam
1836 917 2169 983 acceptum,
2213 918 2490 982 tanquam
2519 907 2679 983 prin-

642 1028 648 1035 '
704 1021 919 1100 cipium
948 1021 1012 1079 in
1033 1040 1229 1082 rerum
1257 1020 1516 1109 omnium
1541 1031 1676 1077 ortu
1693 1017 2022 1091 adhibetur,
2052 1038 2242 1096 neque
2273 1018 2529 1079 nascitur
2561 1020 2679 1078 ulla

701 1153 797 1193 res
831 1152 962 1211 quae
986 1153 1062 1192 ex
1082 1132 1236 1192 illius
1261 1133 1472 1191 infiniti
1496 1153 1630 1191 cum
1659 1104 1781 1190 'fine
1820 1130 2091 1211 conjugio
2119 1153 2240 1192 non
2281 1133 2561 1211 pariatur.
2585 1130 2683 1192 Sic

703 1246 865 1307 adest
894 1247 1124 1305 tertium
1151 1246 1295 1305 illud
1322 1265 1503 1325 genus
1530 1245 1604 1304 de
1632 1265 1751 1323 quo
1777 1220 1940 1304 Plato
1963 1265 1978 1302 t
2001 1245 2062 1304 τὸ
2084 1244 2140 1303 δὲ
2175 1230 2371 1323 τρίτον,
2399 1245 2453 1314 ἐξ
2482 1250 2678 1327 ἀμφοῖν

701 1364 906 1424 τούτοιν
935 1364 987 1423 ἕν
1022 1385 1074 1421 τι
1103 1361 1618 1444 ξυμμισγόμενον....
1647 1373 1707 1420 et
1731 1361 1883 1420 infra
1916 1362 2096 1439 magis
2143 1360 2438 1440 designate
2462 1387 2474 1420 ε
2503 1363 2674 1424 ἔπειτ’

707 1482 771 1540 ἐκ
784 1480 982 1540 τούτων
1012 1478 1033 1559 (
1049 1480 1259 1570 infiniti
1303 1479 1516 1539 scilicet
1530 1491 1590 1537 et
1609 1478 1791 1556 finiti)
1809 1476 1986 1558 τρίτον
2003 1475 2198 1555 μικτὴν
2213 1475 2304 1536 καὶ
2319 1450 2688 1557 γεγενημένὴν-

701 1592 903 1654 οὐσίαν.
938 1592 1104 1653 Phil.
1141 1593 1254 1651 380
1277 1591 1335 1650 d.
1366 1591 1538 1650 Unde
1568 1610 1706 1649 mox
1736 1591 1873 1648 dicit
1905 1590 2229 1648 infinitum'
2212 1610 2278 1648 1n
2301 1590 2415 1649 hoc
2455 1592 2677 1651 mundo

698 1730 821 1770 esse
843 1708 1114 1781 abunde,
1145 1707 1455 1766 terminum
1482 1726 1623 1766 vero
1648 1706 2007 1786 suppeditari
2052 1720 2333 1783 quantum
2381 1708 2517 1768 satis
2540 1722 2668 1768 est.
2675 1694 2685 1700 ⁴

688 1826 911 1906 βέλτιον
936 1825 1244 1906 λέγοιμεν(
1215 1848 1286 1891 ως
1338 1823 1502 1899 ἔστιν,
1547 1821 1583 1881 ἃ
1613 1822 1872 1904 πολλάκις
1913 1823 2229 1902 εἰρήκαμεν,
2263 1822 2476 1902 ἄπειρόν
2524 1847 2583 1882 τε
2618 1825 2677 1882 ἐν

701 1945 779 2001 τῶ
805 1941 982 2000 πάντ(ο
993 1938 1128 2000 πολὺ
1158 1939 1250 1999 καὶ
1276 1940 1443 2022 πέρας
1485 1937 1684 1998 ἱκανόν.
1710 1936 1874 1998 Phil.
1923 1940 2036 2001 382
2059 1959 2112 1997 e.
2145 1940 2301 1998 Talia
2327 1952 2463 1999 sunt
2503 1940 2678 2019 igitur

701 2059 984 2116 elementa
1005 2054 1220 2134 quibus
1276 2054 1633 2115 sensibilium
1681 2054 1926 2113 essentia
1948 2055 2207 2133 fingitur.
2232 2061 2401 2123 Nunc
2423 2076 2498 2114 ex
2524 2055 2679 2133 ejus-

704 2166 864 2226 modi
889 2178 1345 2246 temperamento
1374 2166 1629 2225 animam
1671 2165 1855 2245 ipsam
1885 2178 1944 2225 et
1970 2166 2176 2225 animae
2205 2168 2375 2227 dotes'
2408 2169 2680 2228 constitui

705 2306 829 2345 non
853 2285 976 2365 jam
1024 2286 1087 2344 in
1115 2283 1297 2344 dubio
1320 2283 1689 2362 relinquitur,
1722 2304 1907 2362 quum
1937 2284 2088 2343 circa
2114 2283 2421 2363 cujuslibet
2448 2288 2531 2346 rei
2579 2263 2682 2367 ge-

703 2398 1062 2458 nerationem
1085 2400 1248 2458 Plato
1273 2411 1555 2471 versetur,
1579 2409 1639 2459 et
1667 2377 2056 2476 peculiaribus
2082 2400 2277 2467 verbis
2300 2402 2645 2481 profiteatur
2663 2445 2681 2474 ‚

707 2514 949 2573 infinitis
977 2513 1224 2572 invicem
1252 2511 1544 2588 finitisque
1574 2510 1919 2571 coeuntibus
1942 2554 1961 2585 ,
2002 2513 2293 2591 permulta
2318 2529 2493 2594 atque
2533 2484 2680 2595 prae·

707 2625 859 2682 clara
885 2623 948 2680 in
975 2622 1184 2682 animis
1222 2601 1437 2680 enasci.
1466 2618 1678 2680 Οὗκοῦν
1704 2621 1765 2679 ἐκ
1789 2619 1990 2681 τούτων
2017 2612 2157 2705 ὧραί
2196 2647 2254 2683 τε
2282 2625 2376 2685 καί
2399 2626 2499 2686 ὅσα
2515 2628 2680 2688 ‘xum

707 2738 887 2800 πάντα
938 2744 1069 2819 ἡμῖν
1121 2739 1332 2820 γέγονε,
1389 2742 1496 2799 τῶν
1543 2761 1602 2798 τε
1661 2738 1895 2819 ἀπείρων
1940 2739 2032 2800 καὶ
2054 2732 2060 2738 ’
2080 2745 2184 2801 τῶν
2232 2741 2400 2824 πέρας
2450 2743 2677 2824 ἐχόντων

706 2853 1198 2935 συμιιιχθέντων....
1246 2851 1356 2913 Καί
1384 2852 1522 2912 ἄλλα
1550 2876 1611 2930 γε
1652 2851 1717 2924 δὴ
1768 2830 1931 2932 μυρία
1964 2854 2223 2934 ἕπιλείπῳ
2263 2854 2455 2933 λέγων.
2498 2847 2677 2917 οἷον...

707 2971 764 3028 ἐν
791 2970 986 3047 ψυχαῖς
1031 2958 1098 3024 αυ
1127 2964 1423 3044 πάμπολλα
1453 2964 1607 3044 ἕτερα
1656 2964 1749 3024 καὶ
1774 2963 2046 3044 πάγκαλα.
2092 2967 2251 3029 thl.
2291 2971 2405 3047 379
2446 2969 2487 3031 f.
2534 2973 2678 3030 Cum

712 3079 805 3141 his
840 3079 1103 3139 conferre
1151 3079 1287 3138 licet
1313 3098 1447 3156 quae
1470 3078 1531 3137 in
1551 3078 1764 3137 Timaeo
1784 3055 2141 3183 subobscure
2167 3080 2240 3139 de
2261 3083 2468 3141 animae
2501 3102 2680 3161 gene-

709 3200 936 3259 ratione
978 3198 1372 3258 disseruntur.
1413 3215 1596 3273 quum
1635 3197 1901 3255 hocloco
1940 3176 2191 3257 animam
2238 3198 2410 3260 simul
2453 3212 2684 3260 naturae

651 3346 653 3348 ·
708 3312 892 3391 ipsius
905 3308 1170 3390 ejusdem
1189 3320 1247 3366 et
1260 3319 1485 3366 naturoe
1497 3309 1681 3383 ipsius
1700 3306 1947 3365 alterius
1968 3310 2099 3381 (τῆς
2125 3334 2185 3369 τε
2201 3312 2390 3370 ταύτοῦ
2405 3309 2680 3391 φύσεως...

707 3426 800 3490 καὶ
841 3431 935 3498 τῆς
986 3430 1077 3485 τοῦ
1121 3421 1321 3503 ἑτέρου,
1362 3420 1558 3479 Timae.
1606 3419 1753 3481 1050
1777 3419 1843 3501 a)
1884 3401 2224 3502 participem
2266 3425 2428 3483 Plato
2467 3424 2638 3504 faciat
2661 3469 2680 3502 ‚

707 3541 1004 3619 putandus
1046 3552 1132 3598 est
1153 3537 1583 3616 generationem
1627 3536 1834 3595 animae
1860 3536 1971 3597 sub
2006 3538 2189 3616 legem
2218 3537 2409 3601 omnis
2450 3545 2694 3619 genera·'

716 3653 910 3727 tionis,
943 3671 1117 3729 quam
1145 3650 1208 3707 in
1242 3627 1486 3707 Philebo
1527 3647 1866 3728 descripsit,
1913 3649 2180 3728 coegisse.
2203 3652 2362 3726 ‘Quin
2392 3654 2546 3713 inter
2587 3654 2683 3733 ip-

711 3786 902 3829 sarum
948 3766 1207 3826 idearum
1257 3764 1536 3822 elementa
1581 3761 1855 3822 scribitur
1894 3764 2210 3824 infinitum.
2267 3765 2503 3824 Illarum
2524 3757 2700 3826 enim'

716 3903 847 3961 quae
874 3880 1160 3962 principia
1186 3880 1360 3940 sunt?
1388 3877 1525 3937 hinc
1551 3896 1825 3955 magnum
1845 3889 1903 3936 et
1925 3898 2204 3957 parvum,
2230 3898 2357 3956 quae
2378 3880 2680 3940 materiam

710 3995 822 4054 illis
850 3992 1111 4074 praebent
1121 4014 1140 4068 3
1169 3992 1306 4049 hinc
1335 3990 1525 4067 ipsum
1558 4006 1739 4046 unum
1781 3979 2109 4047 absolutum
2137 4001 2195 4046 et
2214 3989 2458 4049 infinitae
2484 3977 2678 4069 Dyadi
