3094 4963
1336 519 1408 569 57

385 639 540 699 haud
567 643 833 720 ambigue
869 644 1207 702 declaratur.
1250 646 1454 702 Οὐκοῦν
1489 644 1555 701 τὰ
1599 642 1691 721 μὲν
1721 646 2004 724 γιγνόμενα
2027 694 2041 716 ,
2061 618 2170 704 ’καὶ
2199 645 2249 713 ἐξ
2276 637 2348 703 ὧν

385 759 638 838 γίγνεται,
665 761 839 820 πάντα
869 762 935 819 τὰ
961 762 1083 839 τρία
1112 763 1377 841 παρέχει-ο
1403 768 1537 838 ἡμῖν
1558 763 1705 841 γένη.
1745 797 1812 810 -
1846 766 1951 824 Καὶ
1975 766 2139 842 μάλα.
2171 800 2244 811 —
2273 767 2353 825 Τὸ

387 871 441 930 δὲ
472 873 536 943 δὴ
557 874 730 933 πάντα
757 882 924 935 ταῦτα
944 877 1314 955 δημιουργοῦν,
1345 876 1483 955 λέγω
1514 876 1612 954 μὲν
1639 877 1891 958 τέταρτον
1919 877 2017 950 τὴν
2059 878 2256 953 αἰτίαν,
2283 882 2355 946 ὡς

386 992 580 1055 ἱκανῶς
608 987 783 1070 ἕτερον
813 989 1027 1050 ἐκείνων
1056 991 1443 1068 δεδηλωμένον.
1472 991 1640 1053 Phil.
1692 993 1829 1054 380.
1859 992 1919 1053 d.
1943 996 2079 1051 Duo
2114 994 2226 1051 ista
2253 1011 2355 1070 ge-

388 1124 529 1161 nera
554 1123 627 1162 ex
653 1103 867 1181 quibus
890 1105 1090 1162 omnia
1119 1105 1438 1183 gignuntur
1455 1148 1473 1179 ,
1515 1125 1639 1165 esse
1665 1104 1831 1186 πέρας
1856 1118 1915 1164 et
1941 1105 2159 1184 ἄπεφον
2189 1125 2264 1163 ex
2290 1107 2359 1166 iis

390 1236 521 1292 quae
546 1235 723 1293 supra
753 1215 916 1274 Plato
942 1215 1209 1274 disseruit
1231 1258 1249 1289 ,
1281 1217 1651 1275 manifestum
1683 1231 1789 1276 est.
1826 1219 1969 1276 Cum
1997 1217 2096 1274 illo
2123 1215 2357 1294 quidem

389 1330 519 1386 loco
556 1327 700 1387 libet
737 1349 1072 1408 comparare
1117 1350 1251 1409 quae
1281 1331 1444 1390 -infra
1470 1331 1543 1390 de
1580 1332 1729 1389 Boni
1755 1331 2000 1390 essentia
2025 1331 2356 1400 traduntur,

393 1468 573 1526 quum
593 1448 785 1526 ipsum
804 1453 1032 1507 Bonum
1053 1453 1315 1508 Socrates
1342 1450 1423 1509 ait
1445 1469 1650 1511 eorum
1672 1470 1803 1528 quae
1838 1451 1899 1508 in
1923 1449 2203 1509 mixtione
2225 1462 2362 1509 sunt

390 1579 514 1619 esse
538 1579 792 1621 causam.
826 1562 1033 1621 Οὐκοῦν
1058 1565 1104 1621 εἷ
1131 1561 1207 1639 μὴ
1241 1571 1343 1643 μιᾷ
1369 1561 1636 1640 δυνάμεθα
1661 1561 1777 1643 ἰδέᾳ
1804 1562 1867 1622 τὸ
1887 1561 2082 1641 ἀγαθὸν
2110 1566 2361 1642 θηρεῦσαι

390 1671 483 1732 σὺν
508 1673 655 1752 τρισὶ
691 1673 946 1742 λαὸόντες
967 1718 985 1747 ,
1022 1673 1211 1733 κάλλει
1246 1673 1339 1732 καὶ
1369 1672 1675 1755 συμμετρία
1706 1673 1799 1732 καὶ
1838 1672 2083 1752 ἀληθείᾳ,
2118 1673 2360 1752 λέγωμεν

387 1798 460 1860 ὥς
489 1798 646 1853 τοῦτο
667 1784 772 1852 οἷον
800 1792 856 1851 ἓν
891 1791 1136 1872 ὀρθότατ’
1166 1790 1230 1851 ἂν
1264 1791 1626 1870 minamine&
1663 1791 1726 1851 ἂν
1757 1795 1866 1850 τῶν
1900 1793 1956 1851 ἐν
1992 1796 2061 1872 τῇ
2091 1792 2357 1870 ξυμμίξει.

386 1905 539 1966 lbid.
576 1906 714 1974 405.
744 1906 811 1968 b.
2129 1985 2136 1991 ¹

466 2022 774 2098 Quomodo
801 2021 982 2103 igitur
1016 2020 1257 2079 materia
1295 2024 1422 2079 Deo
1449 2020 1675 2099 opponi
1720 2032 1779 2078 et
1816 2019 1971 2080 illius
2005 2022 2126 2078 vim
2177 2020 2363 2079 effec-

389 2138 586 2195 tricem
600 2137 823 2195 irritam
846 2135 1087 2194 reddere
1097 2147 1296 2213 queat,
1312 2155 1430 2192 non
1441 2134 1567 2212 jam
1589 2133 1779 2193 video.
1800 2134 2027 2193 Etenim
2047 2135 2096 2193 si
2112 2139 2240 2194 Deo
2255 2155 2363 2214 op-

390 2250 631 2329 ponitur
663 2262 724 2308 et
750 2261 966 2307 aeterna
987 2259 1322 2326 reputatur,
1346 2246 1468 2322 jam
1499 2247 1643 2303 nihil
1674 2259 1793 2315 est,
1827 2259 2033 2326 utpote
2051 2268 2187 2325 quae
2212 2251 2361 2307 entis

390 2384 507 2422 non
536 2364 612 2424 sit
628 2364 940 2444 particeps.
975 2362 1034 2421 si
1056 2374 1250 2420 autem
1275 2360 1338 2420 τὸ
1364 2350 1500 2419 εἶναι
1524 2362 1723 2438 aliquo
1751 2360 1928 2418 modo
1951 2360 2034 2418 illi
2056 2363 2357 2439 competit,

390 2501 423 2538 a
442 2486 566 2539 Deo
593 2478 841 2560 pendet,
870 2476 1188 2554 divinaque
1214 2476 1274 2535 vi
1302 2475 1619 2554 effingitur.

472 2599 551 2651 At
575 2610 944 2670 quocumque
973 2591 1149 2649 modo
1189 2609 1312 2649 sese
1337 2588 1658 2649 reshabeat
1681 2631 1699 2661 ,
1721 2592 1880 2648 Deus
1898 2589 2162 2646 omnium
2180 2630 2202 2665 ‚
2228 2608 2361 2665 quae

385 2691 546 2775 sunt,
583 2717 786 2765 auctor
807 2719 1134 2783 parensque
1173 2720 1295 2761 esse
1321 2703 1452 2780 jure
1481 2699 1716 2773 dicitur,
1757 2701 1890 2777 jure
1917 2699 2077 2760 orbis
2103 2701 2360 2761 universi

400 2834 624 2883 creator
644 2821 943 2881 salutatur.

1266 3058 1483 3071 ——

465 3298 633 3353 Nunc
658 3290 949 3371 quidquid
975 3291 1041 3349 in
1072 3288 1182 3349 hac
1214 3285 1635 3367 &sceptatione
1670 3282 2002 3364 approbare
2040 3282 2236 3343 conati
2264 3300 2361 3342 su-

390 3426 543 3482 mus,
571 3406 647 3465 ad
672 3425 859 3484 panea
885 3402 1265 3482 redigendum
1292 3415 1353 3461 et
1377 3399 1664 3480 expressis
1688 3397 1883 3457 verbis
1909 3394 2359 3474 recolligendum

386 3534 495 3580 est.

479 3654 528 3691 ι.
574 3632 762 3704 Illud,
805 3631 878 3689 de
923 3649 1044 3707 quo
1088 3629 1276 3708 agitur
1303 3627 1367 3685 in
1407 3628 1662 3699 Bmaeo,
1704 3625 2167 3705 receptaculum,
2215 3622 2359 3683 nihil

388 3748 543 3810 aliud
577 3761 664 3808 est
686 3790 704 3821 ,
749 3746 861 3806 nisi
901 3746 1152 3825 spatium
1184 3743 1359 3801 inane
1376 3785 1394 3815 ,
1431 3742 1598 3819 quod
1639 3741 1877 3819 quidem
1914 3742 2057 3799 nihil
2100 3751 2358 3819 generat,

390 3864 664 3944 quodque
695 3862 857 3922 nullo
895 3860 1071 3920 modo
1100 3858 1453 3939 principium
1484 3869 1542 3916 et
1566 3857 1696 3914 fons
1739 3856 1959 3914 entium
1994 3873 2117 3913 esse
2149 3865 2360 3932 potest.

390 3984 543 4042 Nihil
572 3994 840 4042 caeterum
863 3980 925 4041 in
965 3979 1178 4039 Timaeo
1217 3993 1304 4036 est
1330 4020 1345 4046 ‚
1392 3974 1553 4054 quod
1585 3973 1752 4033 nobis
1779 3972 2127 4031 creationem
2160 3991 2192 4029 a
2220 3969 2363 4031 Pla-
