3094 4963
1287 530 1419 588 3⁸7·

373 654 623 736 ἐκατέρου
659 662 763 716 τῶν
804 657 1081 737 στοιχείων
1107 660 1371 719 αἰτιατέον
1397 660 1668 734 ξύστασιν,
1713 663 1787 740 μὴ
1820 662 1974 740 μόνον
2005 660 2059 721 ἓν
2088 662 2339 741 ἑκατέρον

375 769 593 849 μέγεθος
613 766 735 849 ἔχον
763 770 823 829 τὸ
854 771 1104 850 τρίγωνον
1138 780 1390 852 φυτεῦσαι
1415 777 1533 833 κατ’
1559 774 1750 854 ἀρχὰς,
1779 778 1913 836 ἀλλα
1944 776 2149 837 ἐλάττω
2171 800 2229 836 τε
2249 777 2344 835 καὶ

374 879 559 956 μείζω,
585 881 674 939 τὸν
706 880 927 960 ἀριθμὸν
949 879 1002 939 δὲ
1032 882 1222 961 ἔχοντα
1241 889 1504 958 τοσοῦτον,
1527 883 1627 944 ὅσα
1652 909 1753 966 περ
1782 885 1842 943 ἂν
1870 877 1904 964 ἧ
1929 890 2025 946 τάν
2056 896 2164 954 τοῖς
2183 874 2344 946 εἴδεσι

371 992 517 1071 γένη.
537 995 738 1056 Timoe.
779 992 951 1055 1065.
986 1013 1038 1051 a.
1066 995 1275 1054 Saltem
1298 1016 1481 1074 quum
1509 996 1583 1054 ad
1613 997 2045 1056 similitudinem
2072 997 2344 1056 idealium

368 1106 686 1183 specierum
700 1125 989 1184 expressa,
1005 1119 1280 1184 ‚generata
1303 1107 1516 1166 fuerint
1533 1110 1833 1184 elementa,
1851 1111 1919 1169 iis
1934 1131 2162 1169 causam
2184 1112 2345 1171 intel-

368 1216 639 1294 ligibilem
667 1215 982 1292 subjectam
1014 1236 1134 1276 esse
1164 1192 1654 1281 concludendum.
1684 1222 1828 1281 ·Imo
1848 1266 1866 1296 ‚
1911 1223 2121 1299 cuique
2148 1240 2339 1280 secum

369 1305 564 1387 aninlo
593 1330 883 1407 reputanti
907 1330 1047 1407 quid
1073 1330 1146 1388 de
1181 1350 1382 1389 eorum
1414 1333 1785 1410 generatione
1806 1336 1969 1392 Plato
1992 1334 2338 1414 explanarit,

367 1446 690 1525 apparebit,
732 1469 795 1506 ea
827 1467 948 1506 esse
975 1447 1138 1526 quasi
1168 1447 1539 1526 intelligibilis
1571 1447 1773 1506 mundi
1812 1451 2033 1528 prolem
2076 1449 2255 1520 (τόκον
2284 1473 2341 1509 τε

367 1559 458 1620 καὶ
482 1562 714 1642 ἔκγονον,
732 1563 871 1622 686.
908 1563 1017 1643 c.).
1051 1563 1222 1638 Quod
1252 1563 1491 1640 quidem
1516 1583 1651 1621 cum
1681 1582 1818 1622 vere
1843 1560 2012 1642 posse
2042 1565 2155 1623 dici
2181 1566 2340 1629 Aris-

368 1678 567 1735 toteles
578 1677 888 1755 judicaret,
912 1677 1232 1757 generandi
1255 1679 1526 1736 facultate
1545 1677 1705 1737 ideas
1731 1680 1948 1756 pollere
1972 1682 2145 1759 plane
2168 1680 2341 1757 signi-

364 1785 589 1846 ficavit:
619 1789 785 1867 εἰμὲν
813 1789 914 1868 γάρ
954 1792 1095 1848 ἐστιν
1126 1786 1275 1847 αἴτια
1313 1789 1381 1848 τὰ
1422 1789 1557 1862 εἴδη,
1593 1789 1680 1848 διὰ
1718 1789 1772 1847 τί
1799 1791 1893 1847 οὐκ
1926 1789 2007 1848 ἀεὶ
2047 1800 2203 1865 γεννᾶ
2240 1815 2337 1851 συ·

364 1906 552 1980 νεχῶς,
580 1902 719 1962 ἀλλὰ
747 1902 873 1961 ποτὲ
905 1903 1024 1981 μὲν,
1066 1902 1194 1962 ποτὲ
1223 1904 1270 1961 δ’
1293 1901 1382 1963 οὔ.
1405 1950 1416 1960 .
1441 1947 1459 1960 .,
1507 1904 1599 1961 De
1624 1923 1759 1981 gen.
1803 1916 1857 1961 et
1889 1924 2039 1962 corr.
2074 1909 2150 1968 11.
2186 1926 2244 1980 9.
2273 1925 2334 1983 p.

368 2015 506 2071 523.
534 2013 620 2074 Cf.
648 2017 793 2077 Met.
826 2015 968 2095 1.¹6‚
996 2038 1053 2094 p.
1089 2018 1464 2091 8483111.2‚
1497 2037 1559 2094 p.
1591 2017 1730 2076 861.

436 2127 690 2200 'Quando
717 2129 1006 2185 infinitum
1037 2127 1115 2206 (id
1134 2140 1219 2189 est
1240 2147 1509 2205 inagnum
1534 2140 1594 2185 et
1620 2126 1890 2206 parvum)
1927 2128 2130 2186 mundi
2160 2142 2339 2189 mate-

360 2237 500 2296 riale
523 2238 871 2315 principium
900 2259 1021 2299 esae
1048 2241 1320 2318 opinatur
1339 2238 1531 2308 Plato,
1557 2251 1678 2296 tum
1698 2240 1894 2298 omnia
1913 2241 2067 2297 entia
2088 2241 2149 2297 in
2172 2260 2338 2299 men-

362 2349 510 2408 surIs
535 2362 592 2407 et
633 2350 899 2421 termine,
935 2350 1081 2409 ideis
1110 2350 1394 2422 videlicet,
1428 2350 1777 2429 principium
1809 2355 1898 2409 τοῦ
1937 2339 2068 2408 εἶναι
2098 2349 2332 2422 habere,

368 2461 645 2524 declarat:
670 2463 873 2543 γένεσιν
896 2467 969 2531 εἷς
983 2463 1163 2526 οὐσίαν
1181 2466 1242 2526 ἐκ
1257 2467 1361 2526 τῶν
1382 2465 1518 2544 μετὰ
1539 2470 1632 2525 τοῦ
1652 2463 1878 2545 πέρατος
1896 2463 2335 2544 ἀπειργασμένων

369 2578 595 2659 μέτρων.
616 2581 783 2638 Phil.
801 2583 934 2640 380.
958 2580 1019 2638 b.
1043 2582 1133 2638 Ad
1163 2583 1285 2640 haec
1314 2599 1541 2639 necesse
1568 2592 1675 2652 est,
1707 2599 2110 2658 quaecumque,
2145 2597 2337 2656 neque

368 2690 582 2751 finibus
609 2692 801 2767 certis,
828 2712 1020 2769 neque
1061 2711 1341 2772 mensura·
1366 2704 1504 2749 sunt
1529 2693 1980 2771 circumscripta,
2024 2693 2333 2759 intereant,

369 2809 1070 2885 atque,quotiescumque,
1085 2809 1175 2866 vel
1199 2807 1438 2881 idea,vel
1457 2807 1600 2864 ideae
1613 2808 1861 2884 signum,
1876 2819 1933 2864 et
1953 2826 2082 2883 quae
2099 2818 2340 2863 vocatur

370 2922 569 2999 'partici
575 2921 734 2999 patio
763 2920 945 2995 abest,
972 2919 1257 2999 quidquid
1277 2921 1517 2978 mixtum
1547 2934 1606 2978 et
1620 2932 1955 2978 concretum
1973 2931 2058 2977 est
2079 2936 2334 2996 pessum·

366 3033 558 3106 detur,
586 3034 705 3092 imo
737 3035 909 3111 hujus
930 3035 1211 3093 elementa
1233 3035 1473 3093 omnino
1493 3005 1861 3095 evanescant.
1880 3030 2012 3092 Ὅτι
2033 3030 2224 3111 μέτρον
2244 3029 2335 3100 καὶ

367 3145 462 3219 τ’ἥς
487 3146 783 3226 ξυμμέτρου
813 3148 1016 3226 φύσεως
1047 3147 1122 3224 μὴ
1157 3155 1390 3228 τυχοῦσα
1418 3152 1635 3220 ἡτισοῦν
1664 3147 1758 3207 καὶ
1785 3151 2027 3206 ὁπωσοῦν
2057 3143 2338 3224 ξύγκρασις

365 3267 532 3333 πᾶσα,
567 3256 621 3326 ἐξ
648 3257 882 3337 ἀνάγκης
910 3258 1171 3319 ἀπόλλυσι
1197 3256 1265 3317 τὰ
1289 3282 1348 3318 τε
1375 3258 1736 3337 κεραννύμενα
1761 3258 1853 3316 καὶ
1879 3255 2099 3336 πρώτην
2123 3255 2336 3329 ἑαυτήν,

350 3371 674 3439 ·Phil.1.o5.
695 3392 749 3431 a.
785 3371 928 3430 Inde
956 3372 1139 3448 liquet
1160 3372 1355 3430 omnia
1374 3393 1504 3448 quae
1523 3384 1661 3430 sunt
1684 3369 1996 3444 sensibilia,
2018 3370 2334 3429 secundum

365 3486 688 3559 Platonem,
721 3486 793 3543 ad
824 3486 1209 3565 intelligibilia
1237 3487 1436 3545 referri
1453 3499 1722 3564 oportere
1743 3486 1860 3564 (1);
1890 3503 1996 3544 nec
2017 3503 2206 3563 posse,-
2225 3484 2339 3543 nisi
2365 3525 2368 3530 -

365 3600 508 3659 ideae
529 3601 890 3678 accesserint,
920 3603 1208 3661 autetiam
1234 3622 1302 3661 ea
1325 3602 1450 3683 ipsa
1469 3600 1936 3674 effeceriut‚oriri
1955 3619 2340 3679 quaecumque

433 3840 508 3909 (l)
533 3849 584 3894 El
603 3850 690 3907 μέν
730 3848 846 3894 ἐστιν
877 3849 909 3894 ἀ
954 3847 1233 3912 θρυλλοῦμεν
1277 3848 1365 3903 ἀεὶ,
1405 3846 1543 3895 καλὸν
1581 3850 1636 3895 τέ
1655 3863 1700 3894 τι
1722 3849 1797 3894 καὶ
1827 3849 2014 3907 ἀγαθὸν,
2056 3848 2131 3895 καὶ
2165 3851 2289 3893 πᾶσα
2313 3849 2339 3901 ἡ
2367 3897 2372 3902 ,

368 3927 554 3981 τοιαὺτη
575 3929 721 3988 οὐσία,
757 3931 833 3977 καὶ
873 3931 948 3979 ἐπὶ
989 3928 1158 3983 ταύτην
1201 3934 1260 3977 τὰ
1288 3931 1336 3975 ἐκ
1377 3935 1466 3977 τῶν
1505 3929 1749 3983 αἰσθήσεων
1782 3930 1933 3977 πάντα
1955 3931 2334 3993 ἀναφέρομεν....

369 4001 588 4068 Phanio,
611 4004 691 4054 58.
725 4020 774 4054 a.
