3094 4963
1676 442 1754 500 40

803 572 972 646 Quod
995 573 1039 630 si
1065 573 1316 630 mundus
1338 586 1641 650 generatus
1663 573 1736 632 ab
1755 587 1969 632 aeterno
1995 568 2377 652 segregandus
2390 587 2497 645 est,
2517 587 2690 651 atque

724 692 939 755 tamen,
975 684 1084 742 nisi
1132 684 1407 742 accedant
1434 685 1598 758 ideae,
1632 704 1751 744 esse
1782 684 2072 744 sensibilia
2100 705 2219 744 non
2247 704 2416 763 posse
2441 698 2685 757 constat3

721 816 918 855 nonne
954 796 1333 874 judicandum
1377 798 1473 855 illa
1501 816 1639 857 vere
1683 797 2126 875 intelligibilium
2173 819 2294 858 esse
2338 801 2585 878 prolem,
2631 812 2690 856 et

722 920 861 966 tunc
897 908 1040 986 quid
1073 923 1219 969 esset
1249 909 1613 988 participatio
1659 922 1812 969 recte
1842 909 2127 970 definiisse
2154 913 2476 986 Platonem,
2508 932 2690 990 quum

722 1018 880 1080 ideas
902 1018 1115 1080 dixerit
1152 1021 1294 1080 illud
1327 1039 1448 1080 esse
1472 1039 1678 1098 genus,
1708 1040 1778 1079 ex
1802 1041 1923 1098 quo
1951 1025 2231 1083 elementa
2261 1028 2601 1104 gignuntur,
2631 1024 2691 1083 τὸ

728 1134 892 1193 δ’ὅθεν
921 1135 1129 1213 φύεται,
1148 1147 1207 1191 et
1234 1135 1392 1211 quod
1420 1138 1599 1213 patris
1614 1138 1673 1194 in
1692 1157 1885 1196 rerum
1906 1139 2273 1215 generatione
2293 1151 2486 1216 partes
2520 1138 2686 1216 gerit,

727 1243 817 1303 καὶ
839 1244 905 1318 δὴ
946 1244 1036 1304 καὶ
1069 1245 1423 1325 προσεικάσαι
1444 1249 1636 1327 πρέπει
1657 1250 1718 1309 τὸ
1749 1246 1794 1307 δ’
1816 1247 1931 1307 ὅθεν
1960 1248 2142 1327 πατρί.
2175 1250 2346 1307 1060.
2377 1248 2434 1307 b.

810 1871 1011 1954 Neque
1040 1874 1206 1935 nobis
1234 1876 1614 1954 propositum,
1635 1894 1824 1953 neque
1855 1875 2235 1934 necessarium
2268 1894 2393 1951 quae
2422 1875 2493 1931 de
2522 1874 2697 1931 animi

732 1993 950 2070 origine
973 1992 1033 2049 in
1077 1978 1506 2050 Platonicorum
1549 1993 1744 2051 schola
1770 1993 1982 2051 fuerint
2009 1992 2321 2069 disputata,
2347 1992 2611 2064 scrutari,
2644 2004 2701 2048 et

732 2119 1014 2184 quantum
1058 2108 1244 2178 liceat,
1295 2109 1607 2187 explanare
1634 2129 1648 2165 t
1682 2127 1812 2185 quae
1838 2108 2071 2185 quidem
2102 2107 2428 2184 disquisitio
2457 2108 2699 2184 amplior

731 2221 1075 2299 graviorque
1099 2221 1327 2280 videtur
1360 2241 1482 2281 esse
1511 2235 1686 2299 quam
1717 2234 1784 2278 ut
1824 2220 2224 2279 tantummodo
2253 2222 2327 2278 sit
2352 2219 2540 2277 obiter
2581 2220 2703 2277 ins-

735 2335 1014 2415 tituenda‚
1045 2335 1111 2393 Id
1130 2337 1299 2396 unice
1320 2336 1491 2396 nobis
1513 2349 1599 2395 est
1624 2335 2009 2413 profitendum
2025 2347 2198 2411 atque
2222 2333 2704 2409 confirmandum,
2783 2318 2788 2321 ’

733 2469 944 2530 nempe
995 2452 1254 2511 animum
1301 2451 1615 2529 quamdam
1653 2470 1775 2510 esse
1815 2450 2016 2508 mundi
2043 2448 2414 2527 intelligibilis
2456 2438 2700 2530 partem,

731 2577 905 2641 atque
932 2563 1192 2621 eamdem
1216 2563 1431 2622 habere
1457 2577 1723 2623 naturam
1752 2585 1817 2622 ac
1837 2565 1935 2622 illa
1962 2565 2141 2636 entia,
2180 2577 2311 2641 quae
2350 2573 2562 2620 oetema
2582 2579 2701 2619 esse

729 2665 868 2736 etin
882 2695 942 2734 se
965 2675 1247 2753 quiddam
1268 2675 1450 2735 divini
1469 2679 1777 2757 complecti
1801 2678 2071 2737 novimus
2109 2677 2131 2757 (
2156 2674 2430 2754 σνγγένειᾶ
2451 2698 2532 2742 τις
2555 2673 2694 2733 θεία.

730 2791 822 2848 De
848 2789 966 2868 leg.
1001 2792 1101 2862 X.,
1127 2789 1266 2864 954.
1298 2787 1398 2867 e).

779 2908 921 2977 Quae
936 2903 1008 2960 de
1025 2904 1229 2960 animae
1244 2903 1616 2978 generatione
1634 2903 1695 2982 in
1716 2904 1928 2961 Timaeo
1949 2903 2326 2973 disseruntur,
2353 2904 2513 2961 nullo
2529 2901 2701 2960 modo

728 3014 820 3085 iis,
854 3032 984 3091 quae
1006 3033 1162 3070 nunc
1191 3014 1518 3088 asserimus,
1551 3014 1975 3072 contradicunt.
2000 3015 2170 3089 Quod
2190 3016 2342 3072 enim
2361 3036 2433 3073 ex
2454 3015 2699 3073 alterius

728 3142 790 3189 et
814 3130 1076 3211 ejusdem
1091 3129 1241 3187 inter
1267 3145 1326 3188 se
1349 3131 1630 3208 oppositis
1659 3132 1898 3205 naturis,
1931 3131 2030 3198 sed
2054 3133 2114 3189 in
2144 3151 2318 3189 unam
2345 3133 2397 3189 vi
2426 3132 2621 3189 divina
2644 3144 2702 3190 et

730 3246 919 3305 media
945 3247 1196 3323 quadam
1243 3247 1484 3305 essentia
1516 3245 1840 3322 conjunctis
1872 3248 2326 3325 conciliatisque,
2376 3248 2564 3305 anima
2613 3253 2699 3319 (ι)

726 3366 1071 3424 concinnata
1098 3365 1292 3439 fuerit,
1322 3376 1442 3423 no'n
1484 3365 1617 3424 ideo
1645 3377 1731 3424 est
1781 3365 2181 3424 arbitrandum
2220 3366 2370 3424 illius
2407 3383 2527 3423 esse
2554 3363 2705 3421 ideis

726 3478 1061 3537 inferiorem
1095 3490 1359 3537 naturam
1389 3522 1407 3550 ,
1439 3491 1615 3556 atque
1645 3463 1936 3538 nonnullis
1968 3481 2133 3557 quasi
2159 3479 2312 3538 vitiis
2337 3478 2699 3555 inquinatam

632 3653 640 3658 ,
729 3612 860 3669 quae
884 3612 1003 3651 non
1026 3593 1260 3652 entibus
1282 3591 1735 3672 intelligibilibus
1763 3595 1946 3653 inesse
1966 3608 2053 3654 est
2079 3595 2294 3653 videre.
2324 3598 2476 3664 Imo,
2501 3591 2703 3669 siquis

778 3821 868 3889 (1)
891 3829 977 3886 Τῆς
1010 3829 1258 3895 ἄμέρῖστου
1287 3833 1360 3878 mi
1402 3829 1469 3878 ἀέὶ
1509 3834 1629 3878 κατὰ
1668 3836 1816 3878 ταυτὶ
1836 3832 2016 3897 §zabam
2048 3833 2224 3885 οὐσίας,
2262 3849 2306 3879 κ.
2344 3849 2385 3878 τ.
2429 3830 2473 3876 λ.
2517 3819 2693 3873 Time:

757 3905 870 3956 050.-
896 3923 942 3955 a.
