3094 4963
1328 480 1397 530 15

369 614 585 691 cipitur
610 609 892 667 mundum
914 604 1071 683 apud
1094 606 1389 665 Platonem
1411 604 1608 682 figuris
1629 606 1943 665 individuis
1968 610 2204 669 conflari
2235 611 2348 692 (1),

373 712 621 802 quarum
648 720 892 778 essentia
919 719 979 774 in
1028 714 1210 774 forma
1251 728 1309 773 et
1350 717 1535 793 spatio
1576 717 1856 792 consistit,
1903 734 1960 777 et
2001 742 2145 798 quas
2191 724 2353 784 locus

374 835 635 893 infinitus
651 831 888 909 excipit,
921 849 984 887 ac
1013 827 1190 886 veluti
1216 828 1412 886 nutrix
1441 828 1707 904 quaedam
1738 830 2099 907 amplectitur
2132 849 2355 895 susten-

378 960 597 1025 tatque,
631 944 839 1004 τοιάνδε
867 940 1101 1020 μάλιστα
1129 941 1306 1012 πάσης
1333 948 1466 999 εἶναι
1489 941 1742 1019 γενέσεως
1773 944 2041 1022 ὑποδοχὴν
2073 947 2220 1019 αὗτὸ,
2252 939 2358 1006 οἷον

373 1062 616 1133 τιθήνην.
658 1061 851 1117 Timae.
900 1058 1073 1133 1059.
1101 1055 1160 1111 b.

456 1172 853 1231 confiteamur
875 1187 1014 1226 vero
1042 1184 1273 1226 necesse
1297 1178 1384 1224 est
1411 1166 1505 1223 hic
1539 1167 1733 1225 minus
1754 1169 1920 1226 facile
1940 1169 2358 1230 discutiendam

377 1287 646 1346 nebulam
676 1303 978 1344 occurrere
1004 1326 1020 1355 ‚
1048 1283 1267 1341 scilicet
1291 1281 1445 1340 illius
1473 1282 1674 1340 matris
1697 1296 1942 1358 motum,
1977 1286 2081 1361 qui
2113 1299 2361 1345 aeternus

378 1398 738 1477 perhibetur.
784 1401 884 1455 Est
901 1429 931 1440 -
950 1414 1023 1453 ne
1051 1407 1241 1453 autem
1269 1394 1423 1452 ullus
1444 1395 1505 1451 in
1533 1394 1747 1453 Timaeo
1786 1396 1950 1456 locus
1985 1400 2143 1476 apud
2187 1419 2358 1477 quem

380 1513 542 1570 Plato
571 1509 999 1589 receptaculum
1030 1509 1088 1565 vi
1112 1506 1447 1584 propria'et
1481 1507 1740 1585 ingenita
1768 1511 1987 1567 moveri
2014 1512 2263 1571 sentiat?
2305 1525 2363 1571 at

381 1637 601 1696 contra,
615 1642 685 1681 eo
706 1622 925 1699 judice,
949 1618 1406 1699 ingredientibus
1424 1620 1723 1679 elementis
1745 1634 2012 1680 movetur
2022 1637 2361 1702 receptacu-

383 1737 503 1793 lum
525 1735 696 1795 simul
725 1755 790 1795 ac
818 1733 1191 1808 distinguitur
1214 1752 1228 1788 ε
1262 1735 1546 1808 ἐκμαγεῖον
1568 1729 1674 1810 γὰρ
1692 1730 1844 1808 φύσει
1865 1733 2028 1792 παντὶ
2052 1744 2243 1811 κεῖται,
2278 1761 2367 1795 κι-

384 1844 629 1922 νούμενόν
648 1868 707 1902 τε
720 1843 809 1902 καὶ
829 1840 1380 1922 διασχηματιζόμενον
1393 1840 1497 1899 ὕπὸ
1508 1844 1614 1899 τῶν
1633 1840 1918 1902 εἰσιόντων.
1932 1845 2101 1904 1060.
2116 1844 2176 1904 b.
2194 1846 2362 1925 Χώρα

326 1999 335 2007 .
388 1968 578 2015 autem
601 1957 775 2034 paulo
798 1955 949 2014 infra
976 1953 1188 2012 dicitur
1214 1951 1436 2012 viribus
1458 1972 1826 2030 nequaquam
1848 1958 2103 2033 pensatis
2122 1978 2191 2018 ac
2209 1978 2364 2037 pon-

389 2070 601 2128 deratis
624 2068 826 2146 agitari
852 2110 870 2140 ,
921 2079 1001 2138 et,
1033 2076 1340 2144 postquam
1383 2064 1472 2124 his
1501 2064 1724 2125 viribus
1750 2081 2038 2127 commota
2076 2084 2193 2144 est,
2241 2071 2365 2130 illas

390 2183 636 2241 vicissim
666 2182 909 2257 agitare:
943 2178 1031 2239 διὰ
1061 2178 1200 2241 δὲτὸ
1225 2176 1352 2255 μὴθ’
1369 2177 1567 2253 ὁμοίων
1604 2179 1876 2256 δυνάμεων
1917 2182 2042 2257 μήτ’
2072 2181 2365 2264 ἶσοῤῥόπων

390 2292 789 2369 ἐμπίπλασθαι,
829 2294 947 2349 κατ’
969 2289 1118 2351 οὐδὲν
1159 2289 1334 2354 αὐτοῖς
1354 2290 1653 2367 ἶσοῤῥοπεῖν
1671 2336 1687 2360 ‚
1731 2292 1848 2349 ἀλλ’
1876 2293 2172 2369 ἀνωμάλως
2191 2296 2366 2368 πάντη

388 2404 838 2483 ταλαντουμένην,
857 2401 1094 2462 σείεσθαι
1116 2400 1212 2479 μὲν
1223 2398 1326 2459 ’ὑπ’
1345 2400 1557 2460 ἐκείνων
1588 2401 1747 2473 αὐτὴν
1774 2402 2085 2475 (τιθήνην),
2114 2408 2369 2485 κινουμέ-

394 2543 487 2590 νην
502 2509 616 2577 δάῧ
635 2518 798 2578 πάλιν
818 2520 993 2577 ἐκεῖνα
1016 2515 1193 2575 σείειν.
1223 2517 1412 2573 Timoe.
1447 2515 1619 2573 1061.
1643 2533 1695 2572 0.
1715 2519 1793 2588 (1)
1817 2516 1910 2576 Ex
1931 2537 2051 2593 quo
2069 2520 2372 2579 manifesto

396 2632 658 2710 sequitur
689 2630 939 2707 spatium
968 2648 1085 2689 non
1125 2647 1231 2704 per
1253 2646 1315 2684 se
1343 2627 1586 2685 moveri.
1644 2627 1756 2686 Sed
1777 2629 1920 2705 quid
1954 2649 2093 2708 ergo
2112 2636 2140 2687 Ρ
2177 2653 2374 2693 nonne

398 2748 693 2807 insolitum
723 2763 963 2823 prorsus
987 2756 1075 2803 est
1113 2763 1179 2800 ac
1220 2740 1555 2801 mirandum
1577 2784 1593 2815 ,
1640 2753 1862 2799 motum
1892 2745 2372 2825 qualemcumque

397 2864 585 2943 spatio
612 2883 800 2924 vacuo
826 2860 1048 2921 tribui?
1073 2865 1558 2936 Quantacumque
1579 2859 1656 2922 sit
1681 2860 1763 2917 rei
1785 2861 2035 2933 novitaS,
2063 2874 2254 2922 tamen
2280 2866 2374 2925 hic

400 2974 545 3033 nihil
571 2988 659 3034 est
684 2972 846 3054 quod
873 2991 995 3031 non
1021 2970 1257 3048 reliquae
1298 2969 1556 3028 Platonis
1580 2969 1860 3028 doctrinae
1885 2977 2225 3054 consentiat,
2270 2984 2377 3040 Et..

402 3089 579 3160 enim,
596 3089 646 3150 si
672 3087 1026 3146 dialecticam
1048 3083 1271 3156 audias,
1304 3084 1530 3142 nullum
1558 3084 1678 3143 fere
1703 3105 1885 3168 genus
1912 3090 2198 3166 repetitur
2216 3096 2375 3170 quod

410 3221 526 3262 non
545 3201 740 3264 habile
763 3201 835 3260 ad
854 3212 1075 3260 motum
1105 3201 1211 3260 sit:
1239 3201 1381 3273 imo,
1401 3200 1667 3276 quamvis
1685 3214 1907 3260 motum
1929 3203 2082 3268 inter
2102 3220 2160 3268 et
2175 3228 2378 3269 verum

402 3337 537 3389 ena,
587 3317 749 3384 ὄντως
783 3316 874 3392 ὄν,
903 3315 1060 3374 nulla
1087 3314 1473 3393 discrepantia
1500 3333 1622 3373 esse
1648 3315 1951 3397 videatur,
1979 3332 2230 3381 attamen
2259 3345 2379 3401 quo

466 3518 542 3586 (¹)
566 3514 696 3567 Vide
718 3514 875 3575 infra,
903 3514 1001 3583 §4.

465 3602 511 3667 (ί
523 3599 545 3666 )
574 3601 635 3649 Iu
655 3597 885 3666 Legibus
903 3593 1152 3661 probatur
1172 3594 1298 3645 nulli
1319 3597 1407 3660 rei,
1427 3595 1521 3646 nisi
1545 3597 1745 3663 animae,
1776 3597 1881 3647 vim
1898 3602 2157 3665 propriam
2191 3614 2243 3653 et
2263 3604 2384 3656 inti..

407 3700 544 3734 mam
573 3682 745 3734 motus
766 3696 1061 3732 conceasam
1087 3695 1210 3729 esse.
1251 3668 1337 3748 ἆρ’
1372 3682 1448 3732 οὖν
1473 3686 1557 3747 οὐχ
1577 3688 1607 3738 ἡ
1642 3681 1703 3733 δι’
1727 3687 1883 3744 ἔτερον
1905 3689 1951 3736 ἐν
1986 3688 2114 3752 ἄλλῳ
2148 3700 2384 3755 γιγνομένη

408 3779 592 3830 κίνησις,
614 3772 726 3821 αὐτὸ
757 3770 804 3818 δὲ
841 3773 888 3817 ἐν
912 3768 1038 3831 αὐτῷ
1059 3768 1297 3831 μηδέποτε
1317 3772 1584 3831 παρέχουσα
1608 3772 1821 3818 κινεῖσθαι
1843 3771 2001 3834 μηδὲν,
2022 3773 2211 3838 δευτέρα
2233 3794 2285 3823 τε
2308 3783 2386 3827 xoe't

413 3861 587 3906 ὁπόσων
605 3859 814 3921 ἀριθμῶν
829 3855 1042 3919 βοὺλοιτο
1064 3858 1120 3906 οἶν
1143 3871 1210 3908 τις
1232 3856 1440 3916 ἀριθμεῖν
1458 3853 1599 3909 αὐτὴν
1617 3854 1888 3913 πολλοστὴν,
1917 3856 2155 3916 membrano,
2177 3866 2387 3922 σώματος

414 3936 525 3989 οὖσα
544 3943 679 3995 ὅντως
698 3940 870 4003 ἀψύχου
898 3938 1163 4001 μεταὸολής
1183 3960 1246 3971 —-
1274 3929 1449 4002 ὀρθῶς.
1466 3936 1534 3982 Dc
1554 3936 1678 3998 Leg-
1701 3932 1767 3988 X,
1786 3933 1900 3985 952.
1930 3949 1983 3982 0.
