3094 4963
1413 530 1449 584 B

443 654 671 716 criticos
701 669 979 715 certatum
1009 668 1128 727 est;
1172 656 1268 715 sed
1302 658 1382 715 ita
1409 669 1687 716 certatum
1707 700 1724 729 ‚
1770 668 1834 716 ut
1861 657 1930 716 lis
1960 656 2150 715 adhuc
2193 655 2267 715 sit
2301 654 2411 714 sub

433 766 662 842 judice:
686 772 909 829 nullum
935 771 1087 828 enim
1111 770 1183 827 ad
1211 782 1429 828 certum
1453 772 1627 829 finem
1646 772 1927 850 perducta
1946 783 2030 830 est
2043 771 2408 849 disceptatio.

437 884 718 943 Homines
753 904 973 962 magnae
995 905 1063 943 ac
1083 898 1352 963 spectatae
1376 886 1702 964 prudentiae
1725 905 1843 944 rem
1869 885 2063 943 denuo
2080 883 2408 961 agitandam

437 1016 504 1052 ac
544 1015 696 1055 novo
730 998 996 1057 examine
1039 998 1509 1077 perpendendam
1550 1017 1672 1058 esse
1715 1010 2063 1057 censuerunt
2101 998 2211 1076 (1).
2247 996 2399 1053 Illud

436 1117 669 1194 quidem
701 1139 915 1179 munus
952 1122 1335 1201 suscepimus,
1379 1133 1437 1179 et
1462 1120 1615 1178 vires
1637 1130 1905 1190 nostraS,
1945 1119 2397 1194 qualescumque

435 1238 626 1299 forent
649 1284 665 1314 ,
712 1242 774 1298 in
811 1261 881 1300 eo
923 1242 1183 1320 impense
1216 1242 1612 1303 exercuimus.'
1644 1240 1870 1299 Etenim
1904 1239 2131 1297 diutina
2158 1259 2225 1297 ac
2268 1237 2401 1295 dili-

431 1358 588 1434 genti
616 1360 870 1419 Platonis
895 1360 1178 1418 librorum
1205 1360 1644 1437 investigatione
1669 1359 1940 1417 certiores
1966 1358 2240 1437 paulatim
2266 1358 2400 1415 faeti

430 1493 629 1535 sumus
664 1478 900 1536 minime
924 1497 1023 1538 eos
1062 1478 1345 1537 sententia
1376 1477 1858 1555 inexpugnabiles
1896 1496 2041 1549 esse,
2073 1476 2199 1553 qui,
2239 1476 2396 1554 apud

426 1587 721 1647 Platonem
751 1591 886 1648 hinc
922 1591 1366 1649 materiam‘esse
1390 1603 1664 1648 aeternam
1684 1632 1700 1662 ,
1733 1588 1870 1647 inde
1897 1588 2120 1671 opificis
2147 1601 2205 1647 et
2232 1587 2396 1645 ordi-

426 1699 642 1757 natoris
668 1701 1069 1759 tantummodo
1088 1714 1278 1779 partes
1298 1715 1562 1779 agentem
1581 1706 1770 1758 Deum
1791 1700 2184 1772 contendunt3
2212 1719 2396 1777 agno·

422 1811 613 1871 vimus
632 1826 827 1870 autem
844 1812 1208 1877 validissimis
1226 1834 1292 1871 ac
1310 1814 1639 1872 certissimis
1654 1812 2006 1891 argumentis
2027 1812 2213 1869 fulciri
2228 1829 2398 1889 posse

422 1924 770 1981 contrariam
802 1925 1138 2003 opinionem
1165 1923 1618 1999 existimantium
1652 1924 1809 2003 apud
1836 1925 2133 1982 Platonem
2162 1921 2396 1980 creandi

426 2041 544 2098 vim
573 2044 697 2098 Deo
734 2041 924 2100 inesse
949 2083 965 2113 ,
996 2053 1055 2099 et
1098 2041 1395 2099 materiam
1425 2059 1549 2099 non
1585 2059 1690 2118 per
1719 2060 1777 2099 se
1805 2059 1926 2099 esse
1953 2038 2390 2097 declarantium.

422 2158 565 2228 Quae
583 2154 819 2231 quidem
842 2166 1196 2233 argumenta,
1218 2168 1501 2231 quantum
1520 2156 1583 2212 in
1600 2154 1769 2214 nobis
1790 2168 1897 2233 est,
1922 2132 2124 2232 aperte·
2142 2164 2200 2211 et
2219 2154 2392 2229 plane

425 2268 864 2347 explicabimus.
896 2274 1036 2327 Haec
1074 2271 1352 2347 pleraque
1391 2289 1463 2327 ex
1491 2271 1620 2347 ipso
1651 2271 1892 2328 Platone
1926 2270 2389 2347 desumpsimus;

424 2388 702 2447 nonnulla
723 2407 960 2465 quoque
979 2387 1276 2446 hausimus
1295 2407 1367 2444 ex
1388 2386 1478 2445 his
1491 2387 1741 2466 scriptis,
1764 2388 1865 2446 ubi
1884 2387 2217 2473 Aristoteles
2236 2405 2391 2462 quae*-

422 2498 552 2558 dam
582 2503 835 2580 magistri
860 2504 953 2562 sui
985 2487 1178 2563 minus
1205 2505 1432 2583 cognita
1461 2523 1622 2561 more
1653 2503 1888 2562 historic
1935 2501 2142 2573 refert,
2179 2512 2237 2558 et
2267 2501 2388 2560 haec

421 2614 689 2693 dogmata
731 2619 916 2695 aperit
934 2660 951 2690 ,
983 2638 1113 2695 quac
1140 2621 1304 2677 Plato
1323 2664 1339 2692 ,
1383 2640 1501 2678 non
1530 2620 1592 2678 in
1620 2618 1860 2698 dialogis
1889 2617 2254 2697 exponebat,
2287 2618 2391 2677 sed

419 2734 479 2788 in
527 2733 639 2791 illis
686 2732 915 2791 secretis
972 2734 1336 2793 sermonibus
1389 2755 1575 2812 graeco
1617 2735 1853 2793 nomine
1897 2734 2105 2808 dictis,
2155 2734 2388 2814 ἄγραφαι

416 2846 704 2906 συνουσίαι.

502 3380 626 3465 Hoc
647 3380 897 3459 primum
915 3400 1042 3441 eam
1067 3384 1442 3458 quaestionem
1468 3396 1708 3442 tractare
1727 3385 2111 3461 aggredientis
2130 3387 2386 3443 animum

416 3493 608 3565 subit,
634 3511 842 3570 nempe
868 3493 928 3551 in
955 3494 1190 3566 Timaeo,
1225 3495 1326 3571 qui
1355 3494 1427 3553 de
1454 3494 1678 3575 origine
1704 3496 1907 3555 mundi
1932 3496 2192 3576 dialogus
2211 3497 2387 3557 habe·

488 3740 563 3809 (4)
601 3742 697 3791 nic
717 3739 842 3791 mihi
870 3742 899 3791 J
914 3740 1025 3789 .-V.
1049 3741 1094 3790 le
1128 3740 1277 3792 Clerc
1298 3743 1605 3793 nominatim
1627 3746 1806 3795 testari
1825 3744 1995 3811 liceat,
2021 3747 2126 3812 qui,
2153 3749 2204 3797 in
2230 3763 2387 3796 anno-

422 3821 700 3874 tationibus
726 3821 794 3873 ad
811 3821 969 3872 libros
988 3820 1052 3872 de
1083 3823 1276 3872 Natura
1317 3822 1531 3873 deorum
1573 3836 1625 3875 et
1663 3826 1841 3877 Timaei
1866 3828 2149 3878 versionem
2190 3828 2387 3876 cicero-

419 3904 644 3966 nianam,
669 3904 809 3956 litem
831 3902 1058 3955 nondum
1083 3905 1419 3973 disceptatum
1447 3905 1545 3980 sibi
1572 3907 1729 3959 videri
1754 3908 2040 3974 profitetur,
2082 3921 2132 3959 et
2173 3911 2244 3959 ait
2281 3925 2392 3958 rem

420 4003 591 4039 rursus
617 4004 729 4044 esse,
744 3986 1125 4054 explorandam.
