3094 4963
1345 500 1420 550 45

394 629 567 687 αἰτίαν
605 620 740 686 εἶναι
773 630 1021 707 ψυχὴν...
1061 630 1208 707 εἴπερ
1238 633 1339 687 τῶν
1362 616 1470 686 Ἰττοίν
1486 652 1581 685 των
1610 651 1667 705 γε
1718 626 1878 715 αὐτὴν
1906 628 2131 703 (ὶήσομεν
2163 628 2365 701 αἰτίαν;

404 778 477 789 --
497 747 623 810 Πῶς
650 744 753 824 γὰρ
777 744 1046 817 0631b1·d.
1076 746 1212 820 952·
1242 765 1290 802 e.

475 862 665 932 Quum
691 854 882 917 aulem
923 858 1070 916 adeo
1099 859 1305 916 animae
1323 870 1691 936 praestantem
1711 871 1973 916 naturam
1998 877 2121 917 esse
2143 859 2369 928 sentiat,

372 1048 375 1053 .
410 990 636 1031 neeesse
663 983 751 1029 est
777 971 851 1029 ad
879 970 940 1028 id
969 970 1315 1043 adducatur,
1332 983 1397 1028 ut
1418 973 1669 1029 animam
1698 972 1886 1049 ipsum
1907 968 2095 1029 Deum
2119 989 2241 1029 esse
2272 971 2372 1027 de-

399 1095 617 1154 cernat,
644 1083 805 1159 quod
831 1095 890 1140 et
923 1084 1063 1142 alias
1084 1095 1281 1162 aperte
1307 1083 1612 1161 significat,
1635 1095 1694 1140 et
1719 1082 1780 1139 in
1807 1082 2049 1143 Philebo
2075 1082 2370 1160 Sophista-

400 1215 514 1272 que
541 1196 772 1273 planius
801 1198 1004 1254 asserit
1029 1207 1087 1252 et
1120 1194 1515 1253 demonstrare
1541 1205 1816 1252 conatur.
1857 1194 2068 1254 Οὐκοῦν
2100 1168 2154 1253 ἓν
2184 1175 2280 1270 μὲν
2308 1198 2372 1271 τῇ

400 1315 490 1370 τοῦ
513 1310 638 1377 Διὸς
662 1313 795 1387 ἐρεῖς
824 1309 969 1391 φύσει
996 1308 1279 1388 βασιλικὴν
1304 1309 1400 1387 μὲν
1427 1309 1635 1389 ψυχὴν,
1662 1309 1935 1389 βασιλικὸν
1971 1309 2027 1370 δὲ
2050 1315 2169 1381 νοῦν
2193 1310 2375 1389 ἐγγίγ-

402 1421 602 1492 νεσθαι,
631 1419 718 1477 διὰ
747 1417 843 1491 τὴν
898 1422 993 1489 τῆς
1020 1418 1194 1486 αἰτίας
1226 1418 1464 1495 δύναμιν.
1508 1418 1674 1477 Phil.
1716 1420 1848 1477 382.
1867 1438 1921 1476 e.
1963 1451 2041 1465 ——
2069 1423 2141 1486 ὡς
2169 1422 2378 1492 ἀληθῶς

403 1528 631 1604 κίνηὰιν,
654 1530 745 1589 καὶ
774 1530 931 1605 ζωὴν,
968 1530 1059 1590 καὶ
1080 1528 1317 1611 ψυχὴν...
1338 1523 1376 1604 ἧ
1419 1530 1612 1612 ῥᾳδίως
1632 1530 1993 1609 πειθησόμεθα
2010 1534 2086 1611 τῷ
2108 1536 2380 1599 παντελῶς
2480 1567 2483 1570 ·

403 1647 512 1708 ὄντι
545 1649 622 1727 μὴ
660 1657 938 1729 παρεῖναι;
980 1650 1119 1710 ἀλλὰ
1144 1657 1312 1711 ταῦτα
1340 1649 1436 1727 μὲν
1472 1650 1748 1730 ἀμφότερα
1773 1649 1938 1711 Ἰἐνόντ’
1962 1653 2102 1731 αὐτῷ
2122 1653 2377 1729 λέγομεν,

406 1768 465 1826 οὗ
494 1766 600 1845 μὴν
629 1770 681 1826 ἐν
707 1769 851 1846 ψυχῇ
880 1791 943 1844 γε
965 1768 1204 1848 φήσομεν
1228 1767 1358 1826 αὐτὸ
1383 1766 1525 1845 ἔχειν
1556 1763 1719 1838 αὐτάς
1745 1796 1828 1811 ·--
1849 1765 1964 1823 Καὶ
1986 1765 2088 1824 τίν’
2117 1766 2178 1825 ἂν
2206 1768 2382 1845 ἔτερον

409 1881 526 1966 ἔχομ
558 1882 766 1963 τρόπον.
797 1880 963 1963 Soph
1000 1891 1142 1955 174.
1181 1904 1232 1942 c.
1259 1883 1317 1945 d.

390 2054 397 2061 ,
491 1996 611 2056 Pro
634 2010 791 2056 certo
816 1998 995 2075 igitur
1013 1996 1350 2072 habeamus,
1371 1997 1623 2058 animam
1646 1998 1799 2057 inter
1822 2016 1910 2069 ea,
1937 2015 2067 2075 quae
2091 2009 2230 2056 sunt
2258 2016 2386 2053 ma-

415 2115 569 2175 xime
598 2117 871 2194 perfecta,
920 2116 1078 2176 entia
1100 2135 1226 2175 esse
1252 2117 1646 2174 collocandam
1656 2138 1674 2189 3
1731 2135 1856 2177 eam
1904 2115 2065 2173 nullo
2094 2113 2270 2175 modo
2314 2133 2388 2172 ex
2446 2116 2451 2123 ’

416 2234 673 2292 sensibili
700 2235 922 2293 mundo
960 2235 1125 2309 oriri,
1169 2249 1272 2295 aut
1295 2236 1470 2311 hujus
1498 2235 1705 2293 mundi
1732 2232 2391 2317 elementis-conflari&

419 2350 590 2425 effici3
639 2372 767 2413 eam
801 2353 1059 2429 demum,
1091 2355 1180 2413 vel
1222 2353 1534 2431 ingenitam
1564 2373 1685 2412 esse
1714 2366 1773 2412 et
1817 2353 2080 2433 profecto
2108 2352 2387 2415 divinam.

423 2470 511 2529 &el
529 2484 881 2548 generatam,
911 2471 1012 2531 sed
1037 2470 1414 2530 nihilominus
1443 2471 1727 2531 coelestem
1757 2484 1814 2529 et
1835 2490 2040 2549 puram
2062 2470 2390 2537 essentiam,

429 2609 507 2646 ex
533 2590 750 2648 eisdem
798 2593 1096 2650 elementis
1132 2589 1346 2667 quibus
1372 2591 1511 2668 ipsae
1538 2589 1682 2649 ideae
1708 2590 2086 2667 effinguntur,
2117 2588 2392 2658 effictam,

427 2702 678 2779 ideoque
718 2702 790 2759 dd
813 2702 968 2761 idem
996 2702 1347 2782 principium
1367 2699 1750 2775 referendam,
1773 2703 2007 2776 scilicet,
2037 2714 2103 2760 ut
2128 2702 2281 2760 infra
2298 2700 2402 2758 de·-

432 2813 905 2891 mons'trabimus‚
929 2814 1004 2874 ad
1027 2816 1209 2889 illam,
1234 2834 1353 2892 qua
1379 2818 1537 2873 Deus
1566 2815 1766 2893 pollet,
1787 2812 2021 2873 creandi
2049 2813 2397 2873 facultatem.
2465 2843 2469 2852 ·

1380 3184 1467 3244 VI

530 3512 682 3579 Jam,
712 3519 779 3564 ut
802 3504 973 3565 nobis
995 3504 1247 3577 videtur,
1279 3502 1655 3583 probavimus
1681 3493 1825 3563 illud
1849 3501 2220 3583 principium,
2258 3510 2419 3585 qnod

448 3623 512 3679 in
536 3619 792 3679 Platonis
814 3619 1079 3678 doctrina
1107 3619 1359 3701 materiae
1380 3631 1573 3697 partes
1601 3617 1839 3691 obtinet,
1869 3637 1992 3678 esse
2024 3638 2241 3679 meram
2274 3622 2423 3681 rela-

457 3736 672 3795 tionem
716 3734 950 3811 (magni
992 3746 1052 3792 et
1094 3733 1259 3813 parvi
1303 3733 1509 3809 Dyada
1532 3731 1576 3810 ),
1623 3752 1753 3810 quae
1777 3752 1885 3812 per
1928 3752 1988 3792 se
2015 3753 2133 3792 non
2163 3736 2339 3812 viget,
2368 3750 2428 3794 et

457 3849 727 3928 proinde,
743 3847 791 3909 si
812 3837 1042 3906 summo
1056 3865 1246 3904 rerum
1270 3845 1558 3923 principio
1573 3846 1912 3923 opponitur,
1930 3866 2189 3905 non-ens
2209 3848 2426 3921 evadit;

459 3962 886 4042 generationem
906 3971 1100 4019 autem
1124 3957 1262 4033 (τὴν
1288 3951 1554 4036 γένεσίν),
1586 3959 1675 4018 vel
1707 3957 2037 4020 sensibilem
2066 3959 2139 4017 ad
2161 3959 2429 4040 intelligi-
