3094 4963
1359 551 1425 604 ss

470 681 701 737 Eri-aret
729 689 918 735 tamen
949 675 1144 751 siquis
1180 688 1410 753 putaret
1438 674 1634 757 Timaei
1681 673 1862 757 χώραν
1907 677 2119 736 nullius
2160 675 2369 734 admo-

393 792 531 849 dum
553 810 690 850 usus
713 809 855 862 esse,
883 802 939 847 et
968 789 1179 846 frustra
1207 801 1382 866 atque
1409 789 1699 847 incassum
1721 790 1783 847 in
1810 791 2158 868 cosmologia
2196 789 2372 847 fuisse

394 908 719 965 admissam.
747 909 987 982 Nempe,
1020 902 1180 980 quod
1202 902 1275 960 ab
1303 924 1370 961 ea
1399 904 1615 985 petitur
1646 924 1857 963 munus
1883 948 1898 975 ,
1924 905 2024 962 illo
2078 903 2372 983 aptissime

394 1020 746 1098 defungitur.
777 1022 902 1077 Hoc
935 1037 1115 1095 genus
1143 1020 1252 1074 vix
1280 1018 1592 1095 opinabile,
1627 1019 1969 1079 adulterina
2000 1018 2262 1098 quadam
2281 1034 2373 1073 ra-

394 1146 554 1197 tione
579 1137 663 1216 (1)
691 1137 1008 1196 introducit
1032 1134 1219 1205 Plato,
1247 1138 1383 1214 quia
1411 1157 1640 1196 necesse
1665 1138 1985 1195 admodum
2011 1138 2092 1196 illi
2125 1136 2373 1201 videtur,
2401 1214 2407 1220 .

403 1253 687 1331 quidquid
717 1266 803 1310 est
830 1265 1164 1329 generatum
1192 1299 1208 1328 ‚
1241 1253 1302 1309 in
1326 1254 1454 1311 loco
1484 1255 1679 1330 aliquo
1726 1255 1977 1332 positum
2026 1272 2166 1313 esse.
2201 1250 2368 1325 Quod

396 1366 442 1422 si
472 1365 689 1423 nullam
721 1364 912 1423 sedem
947 1364 1150 1443 γένεσις
1190 1370 1474 1444 reperiat,
1526 1366 1785 1425 essentiae
1838 1384 2207 1442 nequaquam
2247 1363 2369 1420 fieri

397 1480 685 1557 particeps
725 1494 916 1557 queat.
956 1485 1122 1539 Hanc
1151 1501 1289 1539 vero
1318 1482 1509 1540 sedem
1553 1482 1612 1539 in
1649 1483 1877 1560 regione
1921 1478 2263 1558 intelligibili
2287 1477 2370 1556 (2)

394 1595 611 1654 habere
638 1595 933 1655 sensibilia
960 1597 1314 1676 impossibile
1334 1611 1440 1668 est;
1472 1617 1605 1655 nam
1637 1598 1684 1655 si
1712 1597 1911 1675 γένεσις
1937 1597 2000 1655 in
2029 1609 2160 1655 ente
2178 1595 2374 1673 gigne-

397 1721 578 1782 retur,
606 1729 787 1767 unum
818 1709 987 1768 simul
1017 1721 1077 1767 et
1110 1709 1229 1767 duo
1255 1710 1459 1768 fierent
1481 1754 1499 1786 ‚
1533 1709 1696 1787 qnod
1740 1712 1902 1767 nullo
1944 1710 2118 1767 modo
2145 1704 2371 1785 concipi

398 1833 573 1897 queat
595 1841 660 1878 ac
682 1840 868 1900 prope
888 1820 1045 1877 dictu
1066 1804 1225 1879 nefas
1251 1833 1352 1879 est.
1370 1820 1517 1900 Πρὸς
1535 1819 1565 1879 ὃ
1587 1817 1643 1880 δὲ
1666 1820 1759 1880 καὶ
1780 1822 2218 1898 ὀνειροπολοῦμεν
2245 1819 2373 1897 βλέ-

397 1955 607 2009 ποντες,
628 1933 723 1993 καὶ
751 1931 925 2013 φαμὲν
947 1937 1234 2011 ἀναγκαῖον
1258 1923 1392 1992 εἷναί
1418 1956 1519 1994 που
1544 1933 1607 1993 τὸ
1645 1933 1701 1992 ὂν
1740 1933 1908 2007 ἅπαν,
1954 1932 2007 1992 ἔν
2052 1957 2157 1992 τινι
2190 1931 2365 2012 τόπῳ,

310 2053 315 2058 ’
399 2046 490 2106 καὶ
523 2045 750 2127 κατέχον
770 2046 953 2127 χώραν
983 2045 1144 2105 τινά..
1273 2049 1344 2114 ὥς
1364 2045 1524 2106 εἰκόνι
1553 2045 1669 2124 μέν·
1697 2045 1916 2126 ἐπείπερ
1940 2046 2047 2105 οὔδ’
2069 2045 2198 2105 αὐτὸ
2217 2051 2369 2105 τοῦτο

399 2162 481 2236 ἐφ’
506 2150 552 2239 ᾧ
569 2159 799 2239 γέγονεν,
821 2162 1013 2231 ἑαυτῆς
1035 2161 1197 2232 ἐστιν,
1236 2159 1414 2241 ἑτέρου
1436 2159 1492 2219 δέ
1525 2183 1664 2226 τινος
1699 2158 1783 2218 ἀεὶ
1811 2158 2026 2238 φέρεται
2064 2159 2367 2236 φάντασμα.

402 2271 505 2331 Διὰ
536 2276 706 2349 ταῦτα
758 2274 810 2330 ἐν
848 2274 1012 2351 ἑτέρῳ
1052 2271 1312 2351 προσήκει
1351 2272 1457 2331 τινὶ
1499 2272 1773 2349 γίγνεσθαι
1814 2271 1992 2337 οὐσίας
2034 2270 2369 2349 ἀμωσγέπως

399 2385 781 2466 ἀπεχομένην,
823 2385 858 2457 ἢ
898 2386 1064 2463 μηδὲν
1092 2386 1152 2446 τὸ
1180 2385 1434 2466 παράπαν
1483 2375 1645 2458 αὖὲἦν
1670 2375 1826 2445 εἶναι.
1852 2387 1949 2464 Τῷ
1981 2383 2035 2445 δὲ
2064 2384 2227 2451 ὅντως
2255 2386 2368 2443 ὄντι

403 2500 589 2577 βοηθὸς
614 2504 642 2559 δ
668 2501 735 2558 δι’
759 2500 1031 2580 ἀκριὸείας
1055 2498 1255 2574 ἀληθὴς
1277 2500 1431 2579 λόγος
1450 2523 1462 2536 ·
1486 2502 1559 2567 ὡς
1581 2499 1679 2567 ἕως
1715 2498 1779 2558 ἄν
1811 2522 1886 2573 τι,
1914 2497 1976 2557 τὸ
2024 2497 2119 2574 μὲν
2137 2472 2142 2481 ¹
2163 2496 2294 2556 ἄλλο
2312 2489 2369 2576 ᾗ,

399 2609 461 2670 τὸ
509 2610 586 2685 δὲ,
642 2612 798 2684 ἄλλο,
844 2611 1113 2692 οὐδέτερον
1147 2614 1200 2670 ἐν
1249 2612 1503 2692 οὐδετέρῳ
1544 2610 1675 2671 ποτὲ
1714 2608 2063 2690 γεγενημένον
2090 2652 2105 2679 ,
2150 2607 2205 2666 ἓν
2254 2608 2369 2684 ἅμα

400 2722 589 2782 ταυτὸν
632 2721 724 2782 καὶ
771 2723 862 2781 δύο
902 2721 1268 2801 γεννήοεσθον.
1307 2724 1503 2781 Timoe.
1540 2725 1710 2780 1061.
1738 2742 1787 2780 c.
1823 2722 1882 2781 d.
1916 2727 2100 2780 Detur
2138 2741 2275 2799 ergo
2309 2724 2369 2780 in

401 2853 593 2893 rerum
625 2835 1213 2895 natura‘indefinitus
1267 2836 1427 2893 locus
1471 2835 1733 2893 omnium
1771 2854 1976 2912 capax,
2019 2847 2077 2892 et
2102 2813 2374 2890 omnibus

403 2968 533 3025 quae
561 2948 878 3026 gignuntur
906 2946 1102 3005 futura
1128 2947 1291 3005 sedes
1317 2990 1333 3019 ‚
1386 2964 1612 3024 necesse
1653 2958 1757 3005 est.
1813 2950 2198 3025 Quapropter·
2234 2964 2375 3023 pro-

402 3061 593 3139 prium
624 3071 712 3120 est
738 3059 911 3140 hujus
934 3078 1147 3118 nomen
1187 3058 1521 3138 πανδεχές...
1561 3059 1782 3137 ἀόρατον
1821 3049 1954 3126 εἶδός
1982 3083 2035 3118 τι
2073 3061 2168 3118 καὶ
2204 3058 2371 3138 ἄμορ-

403 3200 496 3256 φον
527 3177 861 3256 πανδεχὲς...
897 3175 1054 3256 ἕδραν
1081 3176 1137 3234 δὲ
1168 3175 1401 3255 παρέχον
1433 3175 1533 3234 ὅσα
1562 3177 1675 3253 ἔχει
1715 3175 1916 3252 γένεσιν
1943 3182 2126 3233 πᾶσιν.
2167 3175 2218 3231 T
2216 3179 2366 3235 imae.

412 3290 582 3349 1060.
612 3307 662 3347 e.
707 3288 878 3348 1061.
912 3309 964 3346 c.

483 3411 623 3464 Haec
655 3406 841 3479 sedes,
870 3405 1105 3464 cuilibet
1127 3404 1345 3463 fictioni
1371 3404 1648 3480 subjecta,
1677 3404 1839 3462 omni
1860 3404 2174 3462 formarum
2196 3404 2373 3461 varie-

409 3531 522 3577 tate
536 3518 929 3594 distinguitur,
947 3516 1047 3575 sed
1064 3515 1382 3575 formarum
1398 3515 1752 3573 extrinsecus
1766 3514 2148 3588 venientium,
2168 3526 2228 3572 et
2243 3533 2374 3590 quae

407 3635 468 3690 in
497 3650 619 3690 eam
650 3630 1070 3707 ingrediuntur.
1109 3627 1338 3706 Δέχεταί
1366 3653 1425 3687 τε
1452 3627 1555 3707 γὰρ
1595 3628 1676 3686 ἀεὶ
1714 3628 1779 3686 τὰ
1814 3626 2008 3698 πάντα,
2046 3627 2137 3688 καὶ
2168 3628 2374 3707 μορφὴν

473 3897 547 3963 (l)
584 3909 790 3962 Λογισμῷ
809 3918 892 3948 τινι
918 3903 1028 3963 νόθῳ
1046 3905 1176 3962 μόγις
1205 3906 1382 3949 πιστὸν.
1415 3893 1587 3944 Τιήῑω.
1623 3895 1771 3947 1061.
1796 3913 1841 3943 c-

476 3979 550 4047 (2)
584 3990 727 4037 Τόπος
763 3989 931 4037 νοητὸς.
960 3982 1032 4026 De
1049 3979 1177 4043 Περ.
1202 3978 1289 4043 vl,
1308 3976 1515 4043 passim.
