3094 4963
1719 455 1791 506 ⁴6

757 576 892 638 bilia
933 577 1153 648 referri,
1203 577 1289 634 vel
1322 577 1690 638 invisibilem.
1726 579 1974 636 animam
2015 578 2250 650 scilicet,
2277 578 2723 659 intelligibilium

755 712 878 750 esse
905 693 1155 758 affinem,
1185 672 1487 750 etidcirco
1514 712 1585 750 ex
1619 693 1819 751 eodem
1848 693 2160 770 principio,
2205 713 2324 769 quo
2373 694 2516 753 ideae
2565 697 2723 775 ipsae,

757 805 918 867 oriri.
972 810 1138 864 Nunc
1176 818 1365 864 autem
1402 803 1811 883 explicandum
1839 804 2136 880 quomodo
2186 806 2279 863 ille
2329 807 2580 867 mundus
2634 810 2731 867 in-

762 917 1069 997 teuigibiliz
1115 938 1149 977 e
1200 917 1459 997 quodam
1490 916 1780 995 principio
1822 916 2063 978 omnino
2089 915 2357 994 pendeat,
2387 919 2450 977 in
2479 941 2597 998 quo
2626 941 2730 980 ve-

757 1043 846 1102 lut
863 1043 924 1101 in
946 1043 1125 1122 stirpe
1141 1043 1487 1100 continetur.

837 1159 989 1216 Illud
1001 1156 1237 1235 quidem
1254 1168 1341 1215 est
1362 1155 1725 1215 Platonicum
1742 1155 1954 1234 dogma
1974 1157 2135 1234 quod
2159 1160 2503 1231 necessario,
2521 1178 2589 1219 ex
2609 1158 2734 1216 dia-

758 1269 957 1329 lectica
987 1268 1263 1331 methodo
1290 1281 1349 1327 et
1372 1289 1463 1343 ea,
1487 1267 1560 1328 de
1584 1288 1700 1347 qua
1724 1270 1905 1327 multa
1924 1269 2302 1348 offendimus,
2337 1272 2741 1350 progressione

759 1383 1136 1457 (διαλεκτικὴν
1162 1383 1404 1463 πορείαν,
1429 1383 1518 1440 De
1545 1377 1695 1460 Risp.
1741 1387 1869 1443 VII.
1906 1385 2042 1455 703.
2088 1383 2130 1443 f.
2162 1385 2183 1457 )
2220 1382 2532 1442 derivatur.
2574 1386 2733 1444 Scili-

756 1510 867 1567 cet,
909 1497 1006 1554 hic
1045 1495 1236 1573 primo
1285 1472 1710 1568 annotandum,
1748 1514 1871 1553 sese
1915 1498 2133 1574 species
2179 1495 2473 1572 implicare
2520 1511 2579 1555 et
2636 1501 2739 1556 in-

759 1610 1005 1683 volvere,
1042 1609 1122 1666 ita
1150 1619 1232 1681 ut,
1262 1626 1392 1684 quae
1413 1621 1551 1666 sunt
1577 1608 1876 1685 superiora
1897 1592 2105 1685 genera
2125 1648 2143 1680 ‚
2171 1606 2238 1665 τὰ
2268 1605 2399 1679 ἄνω,
2428 1607 2736 1683 inferiora,

755 1722 824 1783 τὰ
850 1722 1021 1798 κάτω,
1071 1724 1528 1802 complectantur
1570 1722 1680 1802 (1).
1742 1724 1855 1798 Qui
1899 1743 1990 1782 res
2034 1696 2326 1784 dialectice
2379 1725 2730 1793 considerat,

754 1837 850 1896 ille
891 1850 1056 1896 acute
1095 1836 1392 1915 persentit,
1425 1855 1604 1894 unam
1630 1835 1817 1895 ideam
1862 1853 1965 1913 per
2007 1837 2188 1894 multa
2226 1837 2541 1916 dispersam
2581 1857 2723 1903 esse.
2762 1853 2773 1859 ’

758 1966 880 2012 tum
909 1953 1138 2024 multas,
1181 1970 1311 2029 quae
1341 1950 1583 2010 diversae
1622 1950 1775 2007 inter
1799 1968 1862 2009 se
1896 1963 2053 2023 sunt,
2087 1952 2444 2011 extrinsecus
2473 1952 2583 2011 sub
2612 1973 2728 2011 uno

755 2068 1010 2148 quodam
1040 2087 1248 2148 genere
1274 2068 1743 2147 comprehensas,
1772 2067 2019 2146 plurima
2055 2066 2266 2127 deinde
2291 2088 2503 2147 genera
2531 2069 2590 2126 in
2610 2089 2729 2127 uno

756 2182 1053 2263 superiore
1081 2180 1370 2260 copulata.
1404 2180 1613 2241 Οὗκοῧν
1647 2179 1680 2241 8
1704 2204 1763 2260 γε
1807 2183 1962 2240 τοῦτο
1991 2180 2209 2249 δυνατὸς
2237 2182 2388 2262 δρᾷν,
2416 2181 2541 2260 μίαν
2587 2181 2726 2240 ἰδέαν

757 2300 847 2364 διὰ
887 2302 1122 2375 πολλῶν,
1162 2299 1274 2369 ἑνὸς
1322 2299 1549 2362 ἑκάστου
1589 2296 1833 2377 κειμένου
1883 2297 2051 2379 χωρὶς
2069 2345 2087 2375 ,
2130 2300 2304 2373 πάντη
2350 2298 2727 2377 διατεταμένην

755 2419 951 2485 ἱκανῶς
974 2414 1354 2491 διαισθάνεται,
1387 2414 1477 2474 καὶ
1503 2412 1705 2480 πολλὰς
1726 2412 1909 2493 ἐτέρας
1943 2413 2210 2489 ἀλλήλων,
2247 2414 2350 2474 ὕπὸ
2378 2422 2504 2494 μιᾶς
2544 2412 2726 2485 ἔξωθεν

754 2530 1157 2611 περιεχομένας,
1171 2529 1262 2590 καὶ
1285 2527 1412 2607 μίαν
1436 2521 1504 2589 αῧ
1521 2529 1588 2587 δι’
1612 2526 1749 2588 ὅλων
1768 2529 1979 2589 πολλῶν
1999 2529 2053 2588 ἐν
2076 2528 2153 2588 ἑνὶ
2174 2527 2527 2608 ξυνημμίνην.
2543 2530 2598 2589 S
2597 2527 2724 2608 oph.

763 2664 896 2716 177.
928 2642 990 2704 d.
1020 2643 1096 2701 cf.
1129 2641 1363 2702 Phileb.
1400 2642 1535 2716 373.
1567 2661 1638 2716 e;
1667 2643 1774 2706 δεῖν
1802 2633 1890 2703 οῧν
1933 2647 2125 2721 ἡμᾶς..
2160 2643 2244 2701 αέὶ
2279 2642 2406 2719 μίαν
2434 2641 2578 2703 ἰδέαν
2608 2644 2729 2720 περὶ

753 2757 949 2826 παντὸς
991 2755 1243 2847 ἑκάστοτε
1286 2757 1531 2837 θεμένους
1558 2760 1731 2831 ζητεῖν
1750 2781 1763 2795 ·
1812 2756 2053 2839 εὖρήσειν
2079 2758 2184 2840 γάρ
2217 2760 2433 2821 ἐνοῦσαν
2459 2779 2471 2792 ·
2519 2756 2613 2817 ἐὰν
2638 2748 2728 2816 οὖν

754 2873 1173 2951 καταλάὸωμεν,
1229 2873 1371 2951 μετὰ
1414 2873 1545 2951 μίαν
1568 2873 1683 2945 δύο,
1719 2898 1774 2934 κ.
1818 2897 1869 2933 τ.
1909 2863 1965 2933 λζ
2014 2876 2210 2954 Quum
2237 2893 2574 2954 progressus
2614 2874 2727 2947 ille,

755 2999 815 3046 et
839 2998 910 3046 ut
931 2986 1015 3043 ita
1034 2983 1247 3059 dicam,
1277 3004 1565 3059 ascensm,
1610 3005 1796 3064 usque
1821 2985 1895 3045 ad
1935 2987 2245 3048 terminum
2275 2986 2529 3063 ducitur,
2551 3006 2731 3066 genus

754 3115 1043 3164 nummum
1082 3096 1416 3157 inveniatur
1443 3117 1672 3158 necesse
1696 3111 1806 3175 est,
1835 3099 2259 3179 quod-proprie
2287 3099 2727 3179 intelligibilium

754 3209 828 3268 sit
869 3208 999 3268 finis
1034 3230 1050 3266 ε
1082 3207 1173 3269 καὶ
1198 3207 1288 3268 ἐὰν
1314 3206 1390 3285 μὴ
1439 3211 1647 3288 ἀποστῇ
1691 3209 1816 3290 πρὶν
1857 3209 1920 3270 ἂν
1962 3210 2088 3271 αὐτὸ
2114 3209 2147 3271 ὅ
2183 3212 2327 3271 ἔστιν
2374 3209 2567 3290 ἀγαθὸν
2596 3209 2728 3289 αὐτῇ

754 3297 933 3398 νοήαει
972 3323 1145 3404 λᾶὅῃ,
1184 3323 1304 3385 τότε
1332 3322 1397 3396 δὴ
1439 3323 1526 3385 ἐπ’
1564 3326 1709 3406 αὗτῷ
1740 3324 1977 3405 γίγνεται
1998 3329 2075 3408 τῷ
2102 3333 2194 3389 τοῦ
2218 3331 2405 3402 νοητοῦ
2431 3325 2592 3389 τέλει.
2639 3330 2732 3384 De

753 3443 896 3522 Rep.
923 3445 1055 3515 VII,
1089 3442 1228 3514 703.
1264 3440 1305 3501 f.
1334 3442 1441 3500 llla
1462 3453 1551 3503 est
1570 3443 1717 3501 Boni
1749 3441 1930 3521 ipsius
1956 3443 2109 3518 idea,
2138 3445 2200 3503 in
2230 3444 2435 3504 ordine
2462 3443 2732 3521 intelligi-

753 3552 859 3611 bili
885 3571 1176 3633 suprema,
1208 3573 1339 3631 quae
1365 3553 1426 3610 in
1454 3554 1586 3611 loco
1606 3554 1817 3613 visibili
1856 3555 2050 3615 lumen
2080 3569 2138 3616 et
2163 3556 2395 3616 luminis
2436 3568 2726 3615 auctorem

755 3667 1119 3749 genuerit‚{et
1143 3666 1203 3725 in
1241 3667 1370 3745 ipso
1395 3667 1740 3748 intelligibili
1767 3683 1965 3750 regnet
1990 3696 2005 3731 ε
2035 3674 2090 3731 ἐν
2114 3674 2189 3751 τῷ
2211 3674 2433 3752 γνωστῷ
2453 3669 2726 3736 τελευταία

827 3898 899 3984 (i)
926 3916 1005 3969 cr.
1032 3920 1165 3971 Mu.
1191 3921 1233 3985 1,
1262 3921 1313 3986 7,
1337 3936 1387 3986 p.
1409 3921 1527 3974 854.
