3094 4963
1732 527 1807 590 42

766 670 914 736 quas
958 658 1122 718 Plato
1160 658 1354 718 multis
1401 659 1464 717 in
1518 660 1658 719 locis
1705 661 1777 718 de
1817 661 1995 718 animi
2040 660 2380 720 immortalis
2411 674 2619 722 natura
2646 668 2737 723 at-

772 775 921 847 tulit,
957 775 1279 835 rationibus
1305 778 1614 847 contraria,
1655 788 1713 834 et
1756 777 2002 854 proinde
2026 781 2392 857 μεταφορικῶς
2422 778 2567 837 tradi
2595 799 2736 838 cen-

690 876 699 886 *
764 882 966 950 seoda.
1014 893 1280 967 Timaeus,
1329 893 1431 971 qui
1472 894 1722 951 animam
1753 895 1899 953 coelo
1934 895 2288 953 extrinsecus
2334 895 2733 954 circumfusam

770 1009 1041 1069 describit
1081 1008 1186 1089 (1),
1215 1016 1273 1067 et
1313 1008 1600 1086 quidquid
1653 1011 1974 1087 corporalis
2017 1009 2272 1069 mundus
2300 1011 2579 1083 continet,
2621 1011 2736 1069 suis

769 1125 1119 1200 implicatum
1153 1125 1380 1184 circulis
1418 1139 1770 1197 moventem,
1804 1129 1965 1186 nullo
1990 1126 2167 1187 modo
2197 1130 2485 1188 consentit
2510 1149 2640 1186 cum
2669 1119 2736 1187 iis

769 1238 958 1298 verbis
981 1240 1188 1317 quaein
1201 1241 1453 1320 Legibus
1471 1238 1736 1301 invenias
1758 1241 1830 1301 de
1850 1242 2030 1302 tribus
2054 1238 2263 1317 modis,
2295 1244 2508 1322 quibus
2535 1246 2738 1304 solum-

770 1354 943 1412 modo
991 1372 1239 1434 corpora
1265 1357 1416 1416 ciere
1443 1358 1626 1435 possit
1652 1358 1867 1417 anima.
1906 1361 2025 1417 Aut
2065 1358 2219 1416 enim
2258 1359 2451 1417 anima
2475 1359 2633 1418 intus
2677 1363 2737 1416 in

767 1480 1010 1543 corpore
1035 1468 1206 1540 inest,
1238 1469 1499 1545 illudque
1545 1470 1853 1529 transferre
1897 1468 2069 1543 valet,
2118 1470 2276 1528 haud
2319 1490 2487 1530 secus
2540 1492 2607 1529 ac
2632 1490 2744 1529 nos

764 1575 921 1652 ipsos
947 1575 1137 1632 anima
1166 1587 1358 1634 nostra
1380 1575 1562 1648 ducit;
1595 1589 1717 1650 aut,
1759 1578 1884 1655 ipsa
1913 1576 2053 1635 foris
2076 1597 2257 1654 quum
2287 1578 2381 1646 sit,
2413 1597 2627 1655 corpus
2646 1581 2743 1656 ig-

766 1707 940 1751 neum
960 1694 1050 1752 vel
1071 1695 1384 1754 aethereum
1402 1708 1592 1769 nacta,
1618 1695 1718 1754 illo
1735 1698 2119 1755 instrumento
2131 1696 2337 1772 utitur,
2356 1709 2532 1774 atque
2559 1699 2743 1756 solem

769 1812 855 1868 vel
883 1813 1166 1891 sphaeram
1189 1814 1506 1891 quamlibet
1527 1829 1724 1876 movet
1745 1839 1764 1888 3
1796 1827 1897 1874 aut
1925 1814 2185 1888 demum,
2210 1815 2475 1892 quamvis
2497 1818 2739 1875 omnino

768 1929 839 1986 sit
864 1949 1107 2029 corpore
1126 1931 1418 2002 destituta,
1446 1945 1635 1990 tamen
1654 1932 1879 1991 viribus
1900 1932 2060 1990 miris
2087 1932 2415 2010 divinisque
2436 1934 2733 2003 instructa,

765 2060 977 2118 corpus
1002 2039 1259 2118 perfacili
1276 2053 1434 2099 motu
1459 2043 1654 2120 agitat.
1681 2041 1863 2101 Ἠλίον
1892 2041 2040 2121 εἴπερ
2059 2042 2177 2121 ἄγει
2198 2041 2366 2123 ψυχὴ,
2386 2047 2544 2122 τριῶν
2575 2041 2735 2114 αὐτὴν

767 2148 821 2208 ἓν
871 2149 1108 2224 λέγοντες
1143 2143 1289 2231 δρξῑν,
1336 2151 1523 2231 σχεδόν
1554 2153 1648 2215 οὔκ
1686 2150 2101 2231 ἅποτευξόμεθα.
2133 2185 2209 2198 -—
2242 2148 2418 2228 Τίνων
2433 2176 2449 2226 ;
2473 2185 2555 2199 -—-
2587 2151 2734 2222 Ὡςῆ

766 2267 953 2326 ἐνοῦσα
988 2264 1132 2334 ἐντὸς
1160 2269 1238 2347 τῷ
1264 2266 1538 2348 περιφέρει
1562 2267 1736 2349 τούτῳ
1770 2266 2073 2349 φαινομένῳ
2098 2267 2330 2346 σώματι,
2358 2267 2531 2339 πάντη
2560 2266 2735 2325 διακο-

768 2378 909 2456 μίζει
954 2377 1018 2436 τὸ
1065 2384 1297 2439 τοιοῦτον
1315 2423 1333 2453 ,
1368 2378 1613 2461 καθάπερ
1639 2383 1783 2455 ἡμᾶς
1805 2383 1838 2450 ἡ
1862 2382 1990 2459 παρ’
2030 2383 2160 2456 ἡμῖν
2192 2376 2339 2459 ψυχὴ
2367 2378 2540 2451 πάντη
2584 2396 2737 2457 περι-

766 2497 937 2576 φέρει·
982 2496 1212 2584 ἢοποθὲν
1254 2495 1441 2564 ἔξωθεν
1487 2499 1648 2573 σῶμα
1710 2493 1844 2569 αὕτη
1883 2495 2219 2575 πορισαμένη
2264 2495 2457 2575 πυρὸς,
2512 2494 2548 2566 ἤ
2593 2479 2738 2558 ’τινος

767 2618 934 2693 ἀέρος,
977 2617 1048 2682 ὡς
1088 2614 1239 2693 λόγος
1277 2612 1391 2674 ἐστὶ
1430 2619 1615 2690 τινῶν,
1654 2615 1778 2675 ὠθεῖ
1819 2614 1915 2697 βίᾳ
1962 2613 2175 2696 σώματι
2224 2618 2414 2696 σῶμα·
2455 2612 2491 2685 ἢ
2540 2612 2737 2693 τρίτον,

767 2732 896 2805 αὐτὴ
923 2730 1056 2812 ψιλὴ
1089 2730 1336 2810 σώματος
1366 2722 1521 2810 οὖσα,
1552 2731 1747 2813 ἔχουσα
1771 2730 1828 2791 δὲ
1865 2732 2109 2810 δύνάμεις
2128 2730 2295 2799 ἄλλας
2315 2728 2459 2797 τινὰς
2478 2725 2743 2810 ὓπερὸαλ-

763 2846 954 2915 λούσας
988 2846 1220 2925 θαύματι
1235 2891 1255 2922 ,
1286 2848 1530 2926 ποδηγεῖ.
1558 2874 1638 2891 -·-
1656 2846 1874 2906 Ναί.--
1893 2848 2067 2906 Τοῦτο
2093 2845 2190 2923 μὲν
2209 2844 2414 2924 ἀνάγκη
2428 2889 2445 2920 ,
2466 2841 2664 2903 τούτων
2684 2838 2742 2899 ἓν

763 2960 828 3038 γέ
852 2984 907 3020 τι
928 2962 1136 3039 δρῶσαν
1164 2958 1341 3041 ψυχὴν
1365 2960 1542 3019 πάντα
1570 2960 1792 3039 διάγειν.
1822 2960 1917 3019 De
1941 2959 2055 3040 leg.
2083 2964 2166 3033 X,
2197 2960 2335 3037 954.
2364 2959 2424 3018 b.
2458 2963 2587 3035 Quo
2613 2959 2742 3016 loco

767 3075 1008 3133 modum
1054 3074 1234 3152 hunc,
1266 3094 1387 3152 quo
1438 3074 1501 3132 in
1542 3075 1757 3134 Timaeo
1785 3077 1978 3135 anima
2003 3076 2211 3136 coelum
2236 3086 2453 3144 movet,
2484 3070 2736 3143 excludi,

767 3205 826 3250 et
852 3166 1105 3250 animam
1133 3190 1317 3269 ipsam
1347 3190 1706 3251 inextensam
1735 3190 2012 3251 declarari
2040 3189 2406 3248 manifestum
2431 3200 2536 3247 est.

850 3325 939 3384 Ad
968 3324 1088 3383 haec
1104 3367 1122 3399 ,
1149 3342 1549 3404 saepenumero
1570 3325 1733 3384 Plato
1754 3323 2008 3381 animam
2034 3342 2157 3381 esse
2178 3321 2518 3401 simplicem,
2550 3338 2743 3396 neque

767 3444 951 3504 oculis
964 3442 1210 3522 perspici
1229 3453 1490 3520 posse‚et.
1504 3440 1627 3499 acie
1647 3440 1855 3499 mentis
1878 3439 2278 3498 tantummodo
2297 3435 2737 3521 comprehendi,

768 3558 829 3622 id
856 3575 964 3635 est,
992 3563 1052 3619 in
1080 3560 1285 3619 ordine
1311 3558 1758 3641 intelligibilium
1786 3557 2079 3631 collocari,
2108 3557 2473 3636 significavit.

853 3695 1118 3754 Animam
1142 3689 1375 3771 quidem
1405 3711 1525 3752 esse
1546 3691 1892 3770 simplicem,
1910 3691 2031 3770 jam
2048 3713 2122 3752 ex
2144 3691 2495 3772 quibusdam
2520 3688 2746 3750 Phaedri

837 3977 910 4048 (2)
935 3989 963 4040 ἦ
987 3986 1099 4033 Riu-
1123 3985 1269 4048 κύκλῳ
1289 3988 1424 4036 αὐτὸν
1443 3989 1606 4044 ἔξωθεν
1626 3986 1986 4050 περικαλύψασα,
2009 4003 2057 4032 κ·
2088 4001 2134 4032 τ.
2156 3986 2202 4031 λ.
2229 3977 2405 4046 Timon,
2427 3979 2546 4029 ⁴051
2560 4014 2574 4029 .
2596 3990 2645 4028 ι.
