3094 4963
22 3049 47 3396 fisa-2f2n‘02-2'*'ff·„;
21 2673 46 3028 ohhhoiss‘ffl
22 2615 42 2656 :6
22 2010 43 2600 vot-*mm*
36 1940 39 1989 w„

22 3811 25 3818 '
22 3705 46 3758 ιζ’.
22 3635 43 3680 ej·
22 3613 23 3618 Α
21 3415 45 3598 ,ἐξῇ-4,·

1737 487 1811 537 36

792 635 951 688 σομεν
986 611 1284 693 ἀναγκαίως
1317 604 1450 671 εἶναι
1478 611 1849 692 πρεσὸυτάτην
1879 613 1969 671 καὶ
1997 612 2285 693 κρατίστην
2318 611 2615 688 μεταὸολὴν
2648 636 2755 670 πα-

792 726 921 782 σῶν.
962 723 1114 782 lhid.
1144 725 1287 801 951.
1319 744 1350 782 e
1375 746 1388 792 ;
1418 724 1490 784 cf.
1521 724 1657 798 952.
1689 722 1723 778 d
1756 724 1862 796 (ι),

846 840 915 893 In
943 835 1278 897 substantiis
1301 851 1491 895 autem
1520 847 1578 893 et
1606 832 1919 892 individuis
1943 835 2257 912 triangulis,
2292 835 2433 892 nihil
2462 847 2565 908 est,
2590 836 2635 893 si
2664 836 2753 892 Ti·

791 966 1001 1006 maeum
1036 948 1499 1025 interrogaveris,
1544 943 1703 1022 quod
1746 958 1800 1003 te
1828 947 2039 1004 morari
2078 948 2279 1026 possit.
2313 945 2551 1006 Constat
2597 948 2756 1015 illud,

788 1059 948 1136 quod
967 1061 1238 1131 nascitur,
1258 1060 1332 1117 ab
1350 1060 1684 1136 ingenerata
1704 1058 1853 1131 idea,
1873 1079 2003 1136 quae
2020 1079 2245 1138 semper
2262 1059 2460 1119 eadem
2478 1075 2584 1135 est,
2603 1063 2757 1139 gigni

788 1186 845 1231 et
868 1172 1041 1249 hujus
1059 1173 1491 1233 similitudinem
1519 1173 1756 1247 referre3
1777 1173 1914 1232 inde
1935 1173 2124 1233 ideam
2147 1178 2297 1254 patri
2320 1179 2641 1256 comparari
2664 1197 2676 1234 ι
2698 1178 2757 1235 τὸ

786 1288 832 1346 δ’
856 1284 969 1348 ὅθεν
994 1286 1411 1367 ἀφομοιούμενον
1438 1285 1628 1378 φύεται
1652 1284 1711 1345 τὸ
1739 1283 2061 1367 γιγνόμενον·
2085 1287 2176 1346 καὶ
2196 1287 2258 1360 δὴ
2288 1287 2377 1348 καὶ
2406 1289 2754 1370 προσεικάσαι

788 1402 1029 1483 πρέπει..
1043 1401 1123 1462 πὸ
1142 1400 1189 1460 δ’
1211 1401 1352 1472 ὅθεν,
1371 1401 1557 1480 πατρί.
1574 1405 1765 1463 Timae.
1781 1401 1950 1460 1060.
1972 1402 2210 1478 b.Qu0d
2237 1404 2282 1463 si
2304 1405 2631 1464 memineris
2651 1426 2757 1483 pa·-

790 1525 1051 1585 trem‚ex
1080 1512 1454 1588 antiquorum
1487 1513 1773 1569 sententia
1787 1512 1881 1590 (ut
1902 1532 2079 1590 supra
2107 1515 2428 1586 retulimus,
2462 1518 2495 1590 §
2532 1512 2587 1592 ι)
2611 1558 2626 1589 ,
2659 1535 2757 1574 se-

792 1647 924 1687 men
944 1627 1115 1686 vitale
1132 1626 1412 1705 praebere,
1436 1626 1595 1704 quod
1616 1629 1733 1706 jam
1755 1627 1944 1685 omnia
1966 1627 2162 1686 vivida
2182 1629 2569 1706 generationis
2596 1629 2757 1707 prin-

796 1743 945 1825 eipia
965 1743 1028 1801 in
1052 1762 1112 1803 se
1133 1741 1649 1814 habeat,fateberis
1675 1761 1866 1819 neque
1891 1742 2098 1800 clarius
2121 1762 2313 1820 neque
2336 1744 2563 1820 planius
2591 1764 2760 1820 posse

816 1857 1035 1916 udicari
1053 1857 1334 1915 elementa
1353 1875 1588 1933 quoque
1605 1854 1896 1914 sensibilia
1918 1854 1993 1913 ab
2010 1854 2353 1933 intelligibili
2373 1855 2662 1934 principio
2678 1877 2760 1915 es·

791 1971 1034 2030 sentiam
1062 1967 1292 2025 ducere.
1317 1972 1456 2025 Haec
1483 1967 1768 2027 elementa
1795 1985 1948 2042 quae,
1969 1967 2030 2023 in
2053 1963 2150 2038 τὴν
2168 1963 2351 2046 χώραν
2368 1968 2753 2045 penetrantia,

791 2088 1153 2168 receptaculo
1171 2099 1395 2146 motum
1409 2098 1469 2144 et
1490 2086 1730 2163 figuram
1753 2084 1973 2142 addunt
1996 2083 2327 2164 (κινούμενόν
2352 2109 2409 2144 τε
2430 2086 2520 2144 καὶ
2538 2088 2758 2166 διασχη-

795 2203 1144 2282 ματιζόμενρν
1172 2202 1272 2263 ὑπὸ
1291 2207 1395 2262 τῶν
1421 2203 1718 2279 εἰσιόντων,
1762 2201 1936 2264 10604
1954 2201 2076 2281 b.),
2100 2203 2247 2279 ipsa,
2275 2223 2410 2261 vere
2439 2223 2505 2261 ac
2525 2189 2763 2281 'semper

792 2312 1160 2376 existentium
1186 2333 1377 2373 rerum
1406 2314 1735 2387 simulacra,
1762 2314 1909 2372 miro
1927 2327 1987 2372 et
2009 2314 2106 2372 vix
2128 2312 2460 2392 explicabili
2481 2312 2655 2372 modo
2686 2314 2762 2372 ab

791 2430 936 2490 ideis
951 2429 1307 2508 effinguntur
1333 2454 1349 2490 ε
1376 2427 1443 2488 τὰ
1466 2427 1521 2490 δὲ
1541 2428 1775 2490 εἶσίοντα
1806 2429 1897 2489 καὶ
1922 2427 2148 2503 ἐξίοντα,
2175 2431 2280 2488 τῶν
2301 2428 2464 2488 ὄντων
2494 2428 2574 2489 ἀεὶ
2599 2430 2761 2508 μιμή-

794 2566 962 2620 ματα,
994 2541 1304 2601 τυπωθέντα
1319 2543 1407 2601 ὑπ’
1425 2539 1598 2601 αὖτὼν
1611 2541 1805 2623 τρόπον
1825 2540 1945 2602 τινὰ
1964 2540 2292 2621 δύσφραστον
2319 2541 2411 2601 καὶ
2430 2542 2758 2621 θαυμαστόν.

806 2656 989 2715 Timoe
1028 2655 1197 2716 1060.
1223 2654 1286 2718 b.
1312 2660 1480 2716 Nunc
1501 2655 1736 2716 demum
1766 2669 1900 2716 ante
1927 2657 2126 2715 oculos
2153 2658 2344 2716 locum
2369 2675 2673 2735 ponemus,
2702 2656 2765 2713 in

794 2792 914 2851 quo
925 2771 1155 2832 videtur
1163 2772 1327 2831 Plato
1341 2770 1729 2853 peculiaribus
1741 2771 1932 2830 verbis
1942 2771 2206 2849 quaedam
2223 2770 2599 2850 intelligibilia
2610 2773 2764 2830 entia

792 2887 1095 2961 indicasse,
1112 2885 1324 2945 scilicet
1341 2885 1551 2944 ideales
1574 2881 1909 2963 triangulos,
1928 2898 2130 2963 utpote
2146 2886 2246 2963 qui
2262 2885 2551 2945 sensibilia
2568 2886 2766 2944 omnia

795 3013 854 3059 et
879 2999 1139 3058 infinitos
1173 3018 1416 3057 numero
1448 2998 1785 3077 triangulos,
1815 2979 2084 3076 equibus
2112 2999 2366 3059 mundus
2393 3012 2638 3072 constat,
2667 3018 2766 3077 ge-

797 3111 1031 3174 nuerint
1064 3133 1078 3170 :
1112 3115 1203 3171 τοῦ
1226 3107 1271 3168 δ’
1296 3113 1349 3170 ἐν
1378 3117 1485 3176 τοῖς
1513 3109 1703 3169 εἴδεσιν
1734 3110 1905 3168 αὗτῶν
1938 3107 2093 3187 ἕτερα
2119 3109 2474 3191 ἐμπεφυκέναι
2496 3114 2646 3189 γε’νη,
2669 3109 2764 3184 τὴν

860 3350 942 3422 (l)
966 3351 1024 3401 In
1043 3365 1120 3416 eo,
1148 3362 1298 3415 quem
1325 3343 1613 3406 laudamus,
1645 3344 1789 3405 loco,
1832 3344 1980 3397 Plato
2016 3363 2118 3397 non
2159 3346 2316 3399 modo
2353 3350 2531 3401 anirnae
2569 3363 2765 3403 motum

799 3436 1030 3487 omnium
1051 3443 1283 3484 motuum
1311 3445 1419 3482 esse
1452 3430 1721 3498 originem,
1748 3427 1838 3481 sed
1874 3431 2028 3481 etiam
2056 3430 2303 3497 omnium,
2330 3450 2441 3499 quae
2467 3436 2765 3502 corporibus

797 3525 994 3587 insunt,
1024 3530 1180 3587 atque
1207 3515 1308 3568 mi·
1342 3514 1570 3569 motibus
1610 3514 1923 3584 efficiuntur,
1984 3516 2310 3585 qualitatum,
2355 3533 2626 3574 asseverat.
2663 3517 2763 3590 ,ἔγει

799 3611 885 3673 μὶν
901 3608 957 3665 δὴ
976 3611 1096 3671 ψυχὴ
1130 3608 1283 3656 πάντα
1318 3608 1380 3653 τὰ
1407 3604 1510 3653 κατ’
1534 3605 1721 3670 οὐρανὸν
1755 3608 1831 3653 καὶ
1855 3612 1935 3667 γῆν
1957 3608 2032 3655 καὶ
2054 3609 2307 3664 θάλατταν,
2346 3615 2444 3665 ταῖς
2472 3609 2614 3666 αὑτῆς
2645 3620 2762 3667 κινή-

800 3709 1003 3742 σεσιν....
1040 3684 1129 3751 (αἳ)
1149 3691 1230 3743 τὰς
1252 3685 1593 3752 δευτερουργοὺς
1616 3682 1674 3735 αὖ
1691 3688 2131 3753 παραλαμθάνουσαι
2153 3698 2339 3746 κινήσεις
2358 3696 2596 3754 σωμάτων,
2616 3697 2767 3755 ἄγουσι

799 3776 952 3824 πάντα
976 3774 1036 3827 εἰς
1055 3770 1237 3827 αὔξησιν
1259 3771 1333 3817 καὶ
1356 3772 1500 3834 φθίσιν
1516 3804 1530 3829 ‚
1554 3770 1630 3817 καὶ
1649 3768 1865 3831 διάκρισιν
1883 3771 1959 3819 καὶ
1978 3769 2219 3832 σύγκρισιν·
2244 3774 2321 3820 καὶ
2338 3771 2511 3829 roba-oce
2550 3775 2770 3837 ἑπομένας

802 3861 1111 3924 θερμότητας,
1146 3853 1307 3918 ψὺξεις,
1344 3852 1625 3919 βαρύτητας,
1654 3858 1934 3916 κουφότητας
1957 3865 1968 3877 ’
1998 3855 2192 3920 σκληρὸν
2216 3857 2293 3902 καὶ
2330 3857 2544 3917 μαλακὸν
2566 3872 2578 3887 ·
2617 3860 2768 3908 λευκὸν

803 3946 877 3994 καὶ
896 3942 1062 4005 μέλαν·
1085 3941 1323 4006 αὖστηρὸν,
1349 3942 1423 3986 καὶ
1448 3939 1611 3999 γλυκὺ,
1635 3941 1708 3987 καὶ
1728 3945 1898 4005 πικρόν.
1917 3970 1946 3984 -.
1973 3936 2089 3987 9ὔ2.
2115 3936 2156 3986 f.
2182 3936 2302 3985 953.
2325 3951 2353 3985 a
2370 3972 2380 3984 .
