<?xml version="1.0" encoding="UTF-8"?>
<!DOCTYPE html PUBLIC "-//W3C//DTD XHTML 1.0 Transitional//EN"
    "http://www.w3.org/TR/xhtml1/DTD/xhtml1-transitional.dtd">
<html xmlns="http://www.w3.org/1999/xhtml" xml:lang="en" lang="en">
 <head>
  <title>
</title>
<meta http-equiv="Content-Type" content="text/html;charset=utf-8" />
  <meta name='ocr-system' content='tesseract 3.04.00' />
  <meta name='ocr-capabilities' content='ocr_page ocr_carea ocr_par ocr_line ocrx_word'/>
</head>
<body>
  <div class='ocr_page' id='page_1' title='image "ansitplatonisde00lorqgoog_0051.png"; bbox 0 0 3094 4963; ppageno 0'>
   <div class='ocr_carea' id='block_1_1' title="bbox 408 545 2382 765">
    <p class='ocr_par' dir='ltr' id='par_1_1' title="bbox 408 545 2382 765">
     <span class='ocr_line' id='line_1_1' title="bbox 1374 545 1450 602; baseline -0.013 0"><span class='ocrx_word' id='word_1_1' title='bbox 1374 545 1450 602; x_wconf 75' lang='grc'>43</span> 
     </span>
     <span class='ocr_line' id='line_1_2' title="bbox 408 676 2382 765; baseline 0.002 -25"><span class='ocrx_word' id='word_1_2' title='bbox 408 683 546 744; x_wconf 70' lang='lat' dir='ltr'>locis</span> <span class='ocrx_word' id='word_1_3' title='bbox 574 685 839 765; x_wconf 83' lang='lat' dir='ltr'>colligere</span> <span class='ocrx_word' id='word_1_4' title='bbox 860 678 991 742; x_wconf 86' lang='lat' dir='ltr'>licet</span> <span class='ocrx_word' id='word_1_5' title='bbox 1025 686 1259 760; x_wconf 85' lang='lat' dir='ltr'>(1),.sed</span> <span class='ocrx_word' id='word_1_6' title='bbox 1300 705 1371 744; x_wconf 85' lang='lat' dir='ltr'>ex</span> <span class='ocrx_word' id='word_1_7' title='bbox 1402 685 1693 745; x_wconf 77' lang='lat' dir='ltr'>Phaedone</span> <span class='ocrx_word' id='word_1_8' title='bbox 1721 698 1778 744; x_wconf 92' lang='lat' dir='ltr'>et</span> <span class='ocrx_word' id='word_1_9' title='bbox 1806 676 1878 744; x_wconf 87' lang='lat' dir='ltr'>de</span> <span class='ocrx_word' id='word_1_10' title='bbox 1907 689 2050 764; x_wconf 87' lang='lat' dir='ltr'>Rep.</span> <span class='ocrx_word' id='word_1_11' title='bbox 2085 685 2244 745; x_wconf 86' lang='lat' dir='ltr'>libr&#39;is</span> <span class='ocrx_word' id='word_1_12' title='bbox 2272 688 2382 744; x_wconf 89' lang='lat' dir='ltr'>im-</span> 
     </span>
    </p>
   </div>
   <div class='ocr_carea' id='block_1_2' title="bbox 408 800 2382 880">
    <p class='ocr_par' dir='ltr' id='par_1_2' title="bbox 408 800 2382 880">
     <span class='ocr_line' id='line_1_3' title="bbox 408 800 2382 880; baseline 0 -18"><span class='ocrx_word' id='word_1_13' title='bbox 408 804 610 880; x_wconf 83' lang='lat' dir='ltr'>primis</span> <span class='ocrx_word' id='word_1_14' title='bbox 655 802 797 862; x_wconf 88' lang='lat' dir='ltr'>illud</span> <span class='ocrx_word' id='word_1_15' title='bbox 840 816 1082 866; x_wconf 90' lang='lat' dir='ltr'>constat.</span> <span class='ocrx_word' id='word_1_16' title='bbox 1117 806 1325 863; x_wconf 89' lang='lat' dir='ltr'>Anima</span> <span class='ocrx_word' id='word_1_17' title='bbox 1371 806 1526 863; x_wconf 90' lang='lat' dir='ltr'>enim</span> <span class='ocrx_word' id='word_1_18' title='bbox 1580 805 1853 864; x_wconf 82' lang='lat' dir='ltr'>uniformi</span> <span class='ocrx_word' id='word_1_19' title='bbox 1899 819 1956 863; x_wconf 86' lang='lat' dir='ltr'>et</span> <span class='ocrx_word' id='word_1_20' title='bbox 2000 800 2382 865; x_wconf 85' lang='lat' dir='ltr'>indissolubili</span> 
     </span>
    </p>
   </div>
   <div class='ocr_carea' id='block_1_3' title="bbox 349 922 2385 1003">
    <p class='ocr_par' dir='ltr' id='par_1_3' title="bbox 349 922 2385 1003">
     <span class='ocr_line' id='line_1_4' title="bbox 349 922 2385 1003; baseline 0.003 -27"><span class='ocrx_word' id='word_1_21' title='bbox 349 964 353 968; x_wconf 56' lang='grc'><em>»</em></span> <span class='ocrx_word' id='word_1_22' title='bbox 407 923 663 979; x_wconf 81' lang='lat' dir='ltr'>essentiae</span> <span class='ocrx_word' id='word_1_23' title='bbox 690 936 775 983; x_wconf 84' lang='lat' dir='ltr'>est</span> <span class='ocrx_word' id='word_1_24' title='bbox 802 924 1112 997; x_wconf 89' lang='lat' dir='ltr'>simillima,</span> <span class='ocrx_word' id='word_1_25' title='bbox 1137 944 1348 1003; x_wconf 87' lang='lat' dir='ltr'>corpus</span> <span class='ocrx_word' id='word_1_26' title='bbox 1370 938 1564 984; x_wconf 88' lang='lat' dir='ltr'>autem</span> <span class='ocrx_word' id='word_1_27' title='bbox 1585 922 1922 984; x_wconf 74' lang='lat' dir='ltr'>multiformi</span> <span class='ocrx_word' id='word_1_28' title='bbox 1948 925 2385 1003; x_wconf 87' lang='lat' dir='ltr'>dissolubilique</span> 
     </span>
    </p>
   </div>
   <div class='ocr_carea' id='block_1_4' title="bbox 306 1027 2385 1116">
    <p class='ocr_par' dir='ltr' id='par_1_4' title="bbox 306 1027 2385 1116">
     <span class='ocr_line' id='line_1_5' title="bbox 306 1027 2385 1116; baseline 0.002 -26"><span class='ocrx_word' id='word_1_29' title='bbox 306 1058 307 1061; x_wconf 45' lang='lat'>¹</span> <span class='ocrx_word' id='word_1_30' title='bbox 407 1032 779 1096; x_wconf 82' lang='lat' dir='ltr'>simillimum.</span> <span class='ocrx_word' id='word_1_31' title='bbox 813 1038 909 1115; x_wconf 79' lang='grc' dir='ltr'>Τῷ</span> <span class='ocrx_word' id='word_1_32' title='bbox 948 1036 1039 1095; x_wconf 79' lang='grc' dir='ltr'>καὶ</span> <span class='ocrx_word' id='word_1_33' title='bbox 1072 1039 1351 1114; x_wconf 85' lang='grc' dir='ltr'>μονοειδεῖ,</span> <span class='ocrx_word' id='word_1_34' title='bbox 1392 1037 1483 1097; x_wconf 78' lang='grc' dir='ltr'>καὶ</span> <span class='ocrx_word' id='word_1_35' title='bbox 1511 1037 1854 1097; x_wconf 81' lang='grc' dir='ltr'>ἀδιαλύτω...</span> <span class='ocrx_word' id='word_1_36' title='bbox 1891 1036 2202 1116; x_wconf 78' lang='grc' dir='ltr'>ὁμοιότατον</span> <span class='ocrx_word' id='word_1_37' title='bbox 2251 1027 2385 1095; x_wconf 73' lang='grc' dir='ltr'>εἶναι</span> 
     </span>
    </p>
   </div>
   <div class='ocr_carea' id='block_1_5' title="bbox 410 1139 2403 3649">
    <p class='ocr_par' dir='ltr' id='par_1_5' title="bbox 410 1139 2394 2253">
     <span class='ocr_line' id='line_1_6' title="bbox 410 1139 2386 1231; baseline 0.002 -30"><span class='ocrx_word' id='word_1_38' title='bbox 410 1147 660 1226; x_wconf 80' lang='grc' dir='ltr'>ψυχήν...</span> <span class='ocrx_word' id='word_1_39' title='bbox 689 1151 766 1229; x_wconf 81' lang='grc' dir='ltr'>τῷ</span> <span class='ocrx_word' id='word_1_40' title='bbox 794 1147 848 1208; x_wconf 87' lang='grc' dir='ltr'>δὲ</span> <span class='ocrx_word' id='word_1_41' title='bbox 878 1149 1141 1208; x_wconf 82' lang='grc' dir='ltr'>πολυειδεῖ</span> <span class='ocrx_word' id='word_1_42' title='bbox 1161 1150 1289 1208; x_wconf 85' lang='grc' dir='ltr'>εἷδεῒ</span> <span class='ocrx_word' id='word_1_43' title='bbox 1339 1148 1429 1208; x_wconf 79' lang='grc' dir='ltr'>καὶ</span> <span class='ocrx_word' id='word_1_44' title='bbox 1466 1148 2091 1231; x_wconf 79' lang='grc' dir='ltr'>διαλυτῷ...δμοιότατον</span> <span class='ocrx_word' id='word_1_45' title='bbox 2139 1141 2206 1207; x_wconf 75' lang='grc' dir='ltr'>αῧ</span> <span class='ocrx_word' id='word_1_46' title='bbox 2254 1139 2386 1207; x_wconf 72' lang='grc' dir='ltr'>εἶναι</span> 
     </span>
     <span class='ocr_line' id='line_1_7' title="bbox 412 1262 2386 1345; baseline 0.001 -24"><span class='ocrx_word' id='word_1_47' title='bbox 412 1265 587 1339; x_wconf 81' lang='grc' dir='ltr'>σῶμα.</span> <span class='ocrx_word' id='word_1_48' title='bbox 620 1262 962 1323; x_wconf 74' lang='lat' dir='ltr'>Pkoedo.60.</span> <span class='ocrx_word' id='word_1_49' title='bbox 995 1264 1053 1322; x_wconf 90' lang='lat' dir='ltr'>d.</span> <span class='ocrx_word' id='word_1_50' title='bbox 1075 1269 1244 1324; x_wconf 87' lang='lat' dir='ltr'>Errat</span> <span class='ocrx_word' id='word_1_51' title='bbox 1271 1266 1532 1345; x_wconf 85' lang='lat' dir='ltr'>profecto</span> <span class='ocrx_word' id='word_1_52' title='bbox 1556 1269 1658 1344; x_wconf 90' lang='lat' dir='ltr'>qui</span> <span class='ocrx_word' id='word_1_53' title='bbox 1687 1268 1872 1326; x_wconf 83' lang='lat' dir='ltr'>varias</span> <span class='ocrx_word' id='word_1_54' title='bbox 1897 1280 2072 1345; x_wconf 85' lang='lat' dir='ltr'>atque</span> <span class='ocrx_word' id='word_1_55' title='bbox 2101 1265 2386 1344; x_wconf 87' lang='lat' dir='ltr'>multipli-</span> 
     </span>
     <span class='ocr_line' id='line_1_8' title="bbox 414 1375 2388 1463; baseline 0.002 -32"><span class='ocrx_word' id='word_1_56' title='bbox 414 1388 507 1432; x_wconf 86' lang='lat' dir='ltr'>ces</span> <span class='ocrx_word' id='word_1_57' title='bbox 528 1375 743 1434; x_wconf 84' lang='lat' dir='ltr'>formas</span> <span class='ocrx_word' id='word_1_58' title='bbox 761 1376 1008 1436; x_wconf 88' lang='lat' dir='ltr'>vicissim</span> <span class='ocrx_word' id='word_1_59' title='bbox 1033 1378 1279 1436; x_wconf 82' lang='lat' dir='ltr'>induere</span> <span class='ocrx_word' id='word_1_60' title='bbox 1299 1392 1356 1436; x_wconf 87' lang='lat' dir='ltr'>et</span> <span class='ocrx_word' id='word_1_61' title='bbox 1381 1397 1596 1463; x_wconf 79' lang='lat' dir='ltr'>exuere</span> <span class='ocrx_word' id='word_1_62' title='bbox 1623 1379 1871 1437; x_wconf 84' lang='lat' dir='ltr'>animam</span> <span class='ocrx_word' id='word_1_63' title='bbox 1901 1380 2186 1438; x_wconf 87' lang='lat' dir='ltr'>existimet</span> <span class='ocrx_word' id='word_1_64' title='bbox 2210 1401 2225 1436; x_wconf 73' lang='grc' dir='ltr'><strong>ε</strong></span> <span class='ocrx_word' id='word_1_65' title='bbox 2250 1375 2388 1454; x_wconf 81' lang='grc' dir='ltr'>μήτε</span> 
     </span>
     <span class='ocr_line' id='line_1_9' title="bbox 411 1480 2387 1569; baseline 0.004 -27"><span class='ocrx_word' id='word_1_66' title='bbox 411 1488 564 1543; x_wconf 72' lang='grc' dir='ltr'>τοῦτο</span> <span class='ocrx_word' id='word_1_67' title='bbox 591 1484 808 1563; x_wconf 80' lang='grc' dir='ltr'>οἰόμεθα</span> <span class='ocrx_word' id='word_1_68' title='bbox 831 1487 853 1566; x_wconf 89' lang='grc'>(</span> <span class='ocrx_word' id='word_1_69' title='bbox 868 1490 897 1545; x_wconf 79' lang='grc' dir='ltr'>ὃ</span> <span class='ocrx_word' id='word_1_70' title='bbox 923 1486 1027 1569; x_wconf 80' lang='grc' dir='ltr'>γὰρ</span> <span class='ocrx_word' id='word_1_71' title='bbox 1053 1487 1206 1566; x_wconf 80' lang='grc' dir='ltr'>λόγος</span> <span class='ocrx_word' id='word_1_72' title='bbox 1239 1492 1333 1548; x_wconf 77' lang='grc' dir='ltr'>οὐκ</span> <span class='ocrx_word' id='word_1_73' title='bbox 1371 1489 1545 1565; x_wconf 78' lang='grc' dir='ltr'>ἐάσει)</span> <span class='ocrx_word' id='word_1_74' title='bbox 1588 1490 1728 1567; x_wconf 82' lang='grc' dir='ltr'>μήτέ</span> <span class='ocrx_word' id='word_1_75' title='bbox 1752 1513 1814 1567; x_wconf 84' lang='grc' dir='ltr'>γε</span> <span class='ocrx_word' id='word_1_76' title='bbox 1858 1480 1924 1551; x_wconf 72' lang='grc' dir='ltr'>αὗ</span> <span class='ocrx_word' id='word_1_77' title='bbox 1955 1495 2021 1569; x_wconf 82' lang='grc' dir='ltr'>τῇ</span> <span class='ocrx_word' id='word_1_78' title='bbox 2055 1489 2387 1568; x_wconf 79' lang='grc' dir='ltr'>ἀληθεστάτῃ</span> 
     </span>
     <span class='ocr_line' id='line_1_10' title="bbox 411 1590 2389 1684; baseline 0.002 -27"><span class='ocrx_word' id='word_1_79' title='bbox 411 1597 560 1678; x_wconf 69' lang='grc' dir='ltr'>φύσει</span> <span class='ocrx_word' id='word_1_80' title='bbox 599 1606 831 1684; x_wconf 74' lang='grc' dir='ltr'>τοιοῦτον</span> <span class='ocrx_word' id='word_1_81' title='bbox 863 1590 998 1660; x_wconf 68' lang='grc' dir='ltr'>εἶναι</span> <span class='ocrx_word' id='word_1_82' title='bbox 1045 1600 1251 1682; x_wconf 78' lang='grc' dir='ltr'>ψυχὴν,</span> <span class='ocrx_word' id='word_1_83' title='bbox 1296 1601 1435 1662; x_wconf 75' lang='grc' dir='ltr'>ὥστε</span> <span class='ocrx_word' id='word_1_84' title='bbox 1465 1604 1670 1675; x_wconf 77' lang='grc' dir='ltr'>πολλῆς</span> <span class='ocrx_word' id='word_1_85' title='bbox 1711 1603 1974 1669; x_wconf 83' lang='grc' dir='ltr'>ποικιλίας</span> <span class='ocrx_word' id='word_1_86' title='bbox 2000 1603 2090 1662; x_wconf 77' lang='grc' dir='ltr'>καὶ</span> <span class='ocrx_word' id='word_1_87' title='bbox 2139 1601 2389 1680; x_wconf 76' lang='grc' dir='ltr'>ἀνομοιό-</span> 
     </span>
     <span class='ocr_line' id='line_1_11' title="bbox 412 1712 2385 1794; baseline 0.001 -24"><span class='ocrx_word' id='word_1_88' title='bbox 412 1712 568 1784; x_wconf 79' lang='grc' dir='ltr'>τητός</span> <span class='ocrx_word' id='word_1_89' title='bbox 592 1735 648 1770; x_wconf 86' lang='grc' dir='ltr'>τε</span> <span class='ocrx_word' id='word_1_90' title='bbox 679 1713 771 1771; x_wconf 71' lang='grc' dir='ltr'>καὶ</span> <span class='ocrx_word' id='word_1_91' title='bbox 798 1714 1048 1792; x_wconf 81' lang='grc' dir='ltr'>διαφορᾶς</span> <span class='ocrx_word' id='word_1_92' title='bbox 1074 1714 1254 1793; x_wconf 79' lang='grc' dir='ltr'>γέμειν</span> <span class='ocrx_word' id='word_1_93' title='bbox 1283 1714 1413 1772; x_wconf 76' lang='grc' dir='ltr'>αὐτὸ</span> <span class='ocrx_word' id='word_1_94' title='bbox 1440 1714 1571 1794; x_wconf 80' lang='grc' dir='ltr'>πρὸς</span> <span class='ocrx_word' id='word_1_95' title='bbox 1594 1713 1740 1772; x_wconf 78' lang='grc' dir='ltr'>αὑτό.</span> <span class='ocrx_word' id='word_1_96' title='bbox 1759 1716 1851 1771; x_wconf 85' lang='lat' dir='ltr'>De</span> <span class='ocrx_word' id='word_1_97' title='bbox 1873 1716 2016 1790; x_wconf 83' lang='lat' dir='ltr'>Rep.</span> <span class='ocrx_word' id='word_1_98' title='bbox 2045 1720 2121 1785; x_wconf 90' lang='lat' dir='ltr'>X,</span> <span class='ocrx_word' id='word_1_99' title='bbox 2152 1715 2289 1791; x_wconf 85' lang='lat'><strong>759.</strong></span> <span class='ocrx_word' id='word_1_100' title='bbox 2325 1714 2385 1771; x_wconf 86' lang='lat' dir='ltr'>b.</span> 
     </span>
     <span class='ocr_line' id='line_1_12' title="bbox 416 1825 2393 1905; baseline -0.001 -22"><span class='ocrx_word' id='word_1_101' title='bbox 416 1825 567 1899; x_wconf 86' lang='lat' dir='ltr'>Quid</span> <span class='ocrx_word' id='word_1_102' title='bbox 601 1825 816 1902; x_wconf 76' lang='lat' dir='ltr'>plura?</span> <span class='ocrx_word' id='word_1_103' title='bbox 856 1845 986 1883; x_wconf 88' lang='lat' dir='ltr'>cum</span> <span class='ocrx_word' id='word_1_104' title='bbox 1019 1826 1215 1884; x_wconf 88' lang='lat' dir='ltr'>asserit</span> <span class='ocrx_word' id='word_1_105' title='bbox 1255 1827 1443 1905; x_wconf 88' lang='lat' dir='ltr'>Plato,</span> <span class='ocrx_word' id='word_1_106' title='bbox 1489 1828 1535 1886; x_wconf 90' lang='lat' dir='ltr'>si</span> <span class='ocrx_word' id='word_1_107' title='bbox 1566 1828 1746 1886; x_wconf 89' lang='lat' dir='ltr'>oculis</span> <span class='ocrx_word' id='word_1_108' title='bbox 1790 1847 1925 1887; x_wconf 84' lang='lat' dir='ltr'>vera</span> <span class='ocrx_word' id='word_1_109' title='bbox 1953 1827 2105 1886; x_wconf 88' lang='lat' dir='ltr'>illius</span> <span class='ocrx_word' id='word_1_110' title='bbox 2149 1826 2393 1885; x_wconf 86' lang='lat' dir='ltr'>essentia</span> 
     </span>
     <span class='ocr_line' id='line_1_13' title="bbox 418 1940 2394 2022; baseline 0.001 -25"><span class='ocrx_word' id='word_1_111' title='bbox 418 1953 771 2017; x_wconf 85' lang='lat' dir='ltr'>cerneretur,</span> <span class='ocrx_word' id='word_1_112' title='bbox 805 1941 976 2021; x_wconf 84' lang='lat' dir='ltr'>nobis</span> <span class='ocrx_word' id='word_1_113' title='bbox 1003 1941 1269 2001; x_wconf 83' lang='lat' dir='ltr'>facillime</span> <span class='ocrx_word' id='word_1_114' title='bbox 1292 1942 1723 2022; x_wconf 82' lang='lat' dir='ltr'>agnoscendum</span> <span class='ocrx_word' id='word_1_115' title='bbox 1762 1944 1884 2002; x_wconf 87' lang='lat' dir='ltr'>fore</span> <span class='ocrx_word' id='word_1_116' title='bbox 1917 1955 2110 2001; x_wconf 88' lang='lat' dir='ltr'>utrum</span> <span class='ocrx_word' id='word_1_117' title='bbox 2138 1941 2294 2000; x_wconf 87' lang='lat' dir='ltr'>varia</span> <span class='ocrx_word' id='word_1_118' title='bbox 2321 1940 2394 1999; x_wconf 89' lang='lat' dir='ltr'>sit</span> 
     </span>
     <span class='ocr_line' id='line_1_14' title="bbox 417 2059 2392 2140; baseline 0.001 -23"><span class='ocrx_word' id='word_1_119' title='bbox 417 2069 491 2118; x_wconf 85' lang='lat' dir='ltr'>an</span> <span class='ocrx_word' id='word_1_120' title='bbox 517 2059 764 2138; x_wconf 82' lang='lat' dir='ltr'>simplex</span> <span class='ocrx_word' id='word_1_121' title='bbox 793 2059 934 2135; x_wconf 78' lang='grc' dir='ltr'>(εἴτε</span> <span class='ocrx_word' id='word_1_122' title='bbox 957 2061 1259 2134; x_wconf 82' lang='grc' dir='ltr'>πολυειδὴς,</span> <span class='ocrx_word' id='word_1_123' title='bbox 1290 2061 1394 2121; x_wconf 80' lang='grc' dir='ltr'>εἴτε</span> <span class='ocrx_word' id='word_1_124' title='bbox 1426 2062 1774 2140; x_wconf 84' lang='grc' dir='ltr'>μονοειδὴς...</span> <span class='ocrx_word' id='word_1_125' title='bbox 1804 2062 1944 2121; x_wconf 79' lang='lat' dir='ltr'>ibid.</span> <span class='ocrx_word' id='word_1_126' title='bbox 1982 2061 2098 2138; x_wconf 84' lang='lat'>759</span> <span class='ocrx_word' id='word_1_127' title='bbox 2126 2061 2219 2135; x_wconf 83' lang='lat' dir='ltr'>f.),</span> <span class='ocrx_word' id='word_1_128' title='bbox 2254 2072 2392 2119; x_wconf 84' lang='lat' dir='ltr'>tunc</span> 
     </span>
     <span class='ocr_line' id='line_1_15' title="bbox 420 2174 1636 2253; baseline 0.007 -23"><span class='ocrx_word' id='word_1_129' title='bbox 420 2174 679 2253; x_wconf 86' lang='lat' dir='ltr'>profecto</span> <span class='ocrx_word' id='word_1_130' title='bbox 705 2175 1023 2253; x_wconf 82' lang='lat' dir='ltr'>simplicem</span> <span class='ocrx_word' id='word_1_131' title='bbox 1051 2177 1210 2235; x_wconf 89' lang='lat' dir='ltr'>illam</span> <span class='ocrx_word' id='word_1_132' title='bbox 1229 2196 1352 2237; x_wconf 89' lang='lat' dir='ltr'>esse</span> <span class='ocrx_word' id='word_1_133' title='bbox 1375 2177 1636 2238; x_wconf 87' lang='lat' dir='ltr'>denotat.</span> 
     </span>
    </p>

    <p class='ocr_par' dir='ltr' id='par_1_6' title="bbox 420 2283 2402 3182">
     <span class='ocr_line' id='line_1_16' title="bbox 501 2283 2395 2373; baseline 0.001 -26"><span class='ocrx_word' id='word_1_134' title='bbox 501 2291 589 2348; x_wconf 88' lang='lat' dir='ltr'>Ad</span> <span class='ocrx_word' id='word_1_135' title='bbox 622 2292 750 2358; x_wconf 80' lang='lat' dir='ltr'>hoc,</span> <span class='ocrx_word' id='word_1_136' title='bbox 774 2313 899 2351; x_wconf 87' lang='lat' dir='ltr'>eam</span> <span class='ocrx_word' id='word_1_137' title='bbox 927 2294 1274 2353; x_wconf 84' lang='lat' dir='ltr'>invisibilem</span> <span class='ocrx_word' id='word_1_138' title='bbox 1315 2314 1436 2354; x_wconf 90' lang='lat' dir='ltr'>esse</span> <span class='ocrx_word' id='word_1_139' title='bbox 1460 2295 1679 2373; x_wconf 86' lang='lat' dir='ltr'>ubique</span> <span class='ocrx_word' id='word_1_140' title='bbox 1709 2307 2016 2354; x_wconf 84' lang='lat' dir='ltr'>asseverat.</span> <span class='ocrx_word' id='word_1_141' title='bbox 2054 2294 2127 2353; x_wconf 87' lang='grc' dir='ltr'>Τί</span> <span class='ocrx_word' id='word_1_142' title='bbox 2155 2283 2243 2353; x_wconf 75' lang='grc' dir='ltr'>οῧν</span> <span class='ocrx_word' id='word_1_143' title='bbox 2270 2290 2395 2372; x_wconf 72' lang='grc' dir='ltr'>περὶ</span> 
     </span>
     <span class='ocr_line' id='line_1_17' title="bbox 420 2390 2398 2489; baseline 0.004 -28"><span class='ocrx_word' id='word_1_144' title='bbox 420 2406 594 2485; x_wconf 77' lang='grc' dir='ltr'>ψυχῆς</span> <span class='ocrx_word' id='word_1_145' title='bbox 620 2404 888 2486; x_wconf 78' lang='grc' dir='ltr'>ἐλέγομεν,</span> <span class='ocrx_word' id='word_1_146' title='bbox 910 2408 1096 2488; x_wconf 84' lang='grc' dir='ltr'>ὁρατὸν</span> <span class='ocrx_word' id='word_1_147' title='bbox 1127 2396 1278 2480; x_wconf 70' lang='grc' dir='ltr'>εἶναι,</span> <span class='ocrx_word' id='word_1_148' title='bbox 1301 2405 1335 2478; x_wconf 82' lang='grc' dir='ltr'>ἢ</span> <span class='ocrx_word' id='word_1_149' title='bbox 1361 2410 1459 2488; x_wconf 81' lang='grc' dir='ltr'>οὐχ</span> <span class='ocrx_word' id='word_1_150' title='bbox 1479 2405 1665 2487; x_wconf 82' lang='grc' dir='ltr'>ὁρατόν</span> <span class='ocrx_word' id='word_1_151' title='bbox 1675 2407 1897 2489; x_wconf 69' lang='grc' dir='ltr'>ς-Οὖχ</span> <span class='ocrx_word' id='word_1_152' title='bbox 1918 2390 2398 2486; x_wconf 50' lang='grc' dir='ltr'>ὁρατόνπὲ-Ἇειδὲς</span> 
     </span>
     <span class='ocr_line' id='line_1_18' title="bbox 426 2516 2395 2597; baseline 0.001 -22"><span class='ocrx_word' id='word_1_153' title='bbox 426 2516 549 2597; x_wconf 78' lang='grc' dir='ltr'>ἄρα.</span> <span class='ocrx_word' id='word_1_154' title='bbox 583 2517 842 2597; x_wconf 76' lang='lat' dir='ltr'>Phoedo,</span> <span class='ocrx_word' id='word_1_155' title='bbox 875 2521 973 2577; x_wconf 87' lang='lat'>60.</span> <span class='ocrx_word' id='word_1_156' title='bbox 1001 2540 1053 2578; x_wconf 89' lang='lat' dir='ltr'>a.</span> <span class='ocrx_word' id='word_1_157' title='bbox 1088 2520 1162 2578; x_wconf 88' lang='lat' dir='ltr'>cf.</span> <span class='ocrx_word' id='word_1_158' title='bbox 1204 2524 1405 2582; x_wconf 83' lang='lat' dir='ltr'>Timae.</span> <span class='ocrx_word' id='word_1_159' title='bbox 1450 2520 1619 2579; x_wconf 83' lang='lat'>1051.</span> <span class='ocrx_word' id='word_1_160' title='bbox 1651 2541 1707 2591; x_wconf 85' lang='lat' dir='ltr'>a,</span> <span class='ocrx_word' id='word_1_161' title='bbox 1737 2520 1905 2590; x_wconf 85' lang='lat'><strong>1057.</strong></span> <span class='ocrx_word' id='word_1_162' title='bbox 1935 2539 1986 2580; x_wconf 92' lang='lat' dir='ltr'>e.</span> <span class='ocrx_word' id='word_1_163' title='bbox 2023 2519 2245 2577; x_wconf 88' lang='lat' dir='ltr'>Deinde</span> <span class='ocrx_word' id='word_1_164' title='bbox 2270 2538 2395 2577; x_wconf 88' lang='lat' dir='ltr'>eam</span> 
     </span>
     <span class='ocr_line' id='line_1_19' title="bbox 426 2637 2399 2716; baseline 0 -23"><span class='ocrx_word' id='word_1_165' title='bbox 426 2637 588 2695; x_wconf 88' lang='lat' dir='ltr'>nullo</span> <span class='ocrx_word' id='word_1_166' title='bbox 625 2637 797 2695; x_wconf 87' lang='lat' dir='ltr'>modo</span> <span class='ocrx_word' id='word_1_167' title='bbox 824 2637 1088 2696; x_wconf 79' lang='lat' dir='ltr'>sensibus</span> <span class='ocrx_word' id='word_1_168' title='bbox 1113 2637 1453 2714; x_wconf 84' lang='lat' dir='ltr'>subjectam,</span> <span class='ocrx_word' id='word_1_169' title='bbox 1484 2652 1678 2697; x_wconf 85' lang='lat' dir='ltr'>mente</span> <span class='ocrx_word' id='word_1_170' title='bbox 1701 2638 2102 2708; x_wconf 85' lang='lat' dir='ltr'>tantummodo</span> <span class='ocrx_word' id='word_1_171' title='bbox 2130 2637 2399 2716; x_wconf 87' lang='lat' dir='ltr'>cognosci</span> 
     </span>
     <span class='ocr_line' id='line_1_20' title="bbox 426 2749 2399 2831; baseline 0 -22"><span class='ocrx_word' id='word_1_172' title='bbox 426 2752 785 2831; x_wconf 87' lang='lat' dir='ltr'>percipique,</span> <span class='ocrx_word' id='word_1_173' title='bbox 828 2752 1078 2829; x_wconf 89' lang='lat' dir='ltr'>ideoque</span> <span class='ocrx_word' id='word_1_174' title='bbox 1115 2751 1533 2829; x_wconf 74' lang='lat' dir='ltr'>intelligibilem</span> <span class='ocrx_word' id='word_1_175' title='bbox 1579 2754 1907 2824; x_wconf 86' lang='lat' dir='ltr'>essentiam,</span> <span class='ocrx_word' id='word_1_176' title='bbox 1948 2752 2191 2811; x_wconf 87' lang='lat' dir='ltr'>dictitat.</span> <span class='ocrx_word' id='word_1_177' title='bbox 2240 2749 2399 2810; x_wconf 80' lang='grc' dir='ltr'>Ἀλλὰ</span> 
     </span>
     <span class='ocr_line' id='line_1_21' title="bbox 427 2866 2402 2950; baseline -0.003 -20"><span class='ocrx_word' id='word_1_178' title='bbox 427 2870 578 2938; x_wconf 73' lang='grc' dir='ltr'>ἐλπὶς</span> <span class='ocrx_word' id='word_1_179' title='bbox 622 2870 792 2943; x_wconf 81' lang='grc' dir='ltr'>πολλὴ</span> <span class='ocrx_word' id='word_1_180' title='bbox 832 2868 894 2929; x_wconf 84' lang='grc' dir='ltr'>τὸ</span> <span class='ocrx_word' id='word_1_181' title='bbox 923 2870 1178 2950; x_wconf 84' lang='grc' dir='ltr'>παράπαν</span> <span class='ocrx_word' id='word_1_182' title='bbox 1206 2869 1269 2929; x_wconf 79' lang='grc' dir='ltr'>τὸ</span> <span class='ocrx_word' id='word_1_183' title='bbox 1294 2869 1439 2950; x_wconf 84' lang='grc' dir='ltr'>γένος</span> <span class='ocrx_word' id='word_1_184' title='bbox 1485 2873 1615 2947; x_wconf 80' lang='grc' dir='ltr'>ἡμῖν</span> <span class='ocrx_word' id='word_1_185' title='bbox 1661 2872 1816 2928; x_wconf 80' lang='grc' dir='ltr'>τοῦτο</span> <span class='ocrx_word' id='word_1_186' title='bbox 1850 2868 2162 2940; x_wconf 81' lang='grc' dir='ltr'>ἀναίσθητον</span> <span class='ocrx_word' id='word_1_187' title='bbox 2204 2866 2402 2932; x_wconf 79' lang='grc' dir='ltr'>πάσαις</span> 
     </span>
     <span class='ocr_line' id='line_1_22' title="bbox 426 2975 2394 3067; baseline -0.004 -18"><span class='ocrx_word' id='word_1_188' title='bbox 426 2995 541 3056; x_wconf 81' lang='grc' dir='ltr'>ταῖς</span> <span class='ocrx_word' id='word_1_189' title='bbox 560 2992 651 3050; x_wconf 78' lang='grc' dir='ltr'>τοῦ</span> <span class='ocrx_word' id='word_1_190' title='bbox 675 2986 919 3067; x_wconf 81' lang='grc' dir='ltr'>σώματος</span> <span class='ocrx_word' id='word_1_191' title='bbox 942 2986 1217 3061; x_wconf 72' lang='grc' dir='ltr'>αἰσθήσεσι</span> <span class='ocrx_word' id='word_1_192' title='bbox 1243 2986 1677 3067; x_wconf 80' lang='grc' dir='ltr'>περιπεφυκέναι,</span> <span class='ocrx_word' id='word_1_193' title='bbox 1701 2987 1886 3060; x_wconf 84' lang='grc' dir='ltr'>νοητὸν</span> <span class='ocrx_word' id='word_1_194' title='bbox 1913 2986 1958 3044; x_wconf 85' lang='grc' dir='ltr'>δ’</span> <span class='ocrx_word' id='word_1_195' title='bbox 1990 2975 2142 3046; x_wconf 70' lang='grc' dir='ltr'>εἶναι.</span> <span class='ocrx_word' id='word_1_196' title='bbox 2171 2985 2261 3044; x_wconf 81' lang='lat' dir='ltr'>De</span> <span class='ocrx_word' id='word_1_197' title='bbox 2276 2984 2394 3064; x_wconf 76' lang='lat' dir='ltr'>leg.</span> 
     </span>
     <span class='ocr_line' id='line_1_23' title="bbox 429 3105 848 3182; baseline 0 -18"><span class='ocrx_word' id='word_1_198' title='bbox 429 3109 510 3176; x_wconf 88' lang='lat' dir='ltr'>X,</span> <span class='ocrx_word' id='word_1_199' title='bbox 542 3124 599 3182; x_wconf 86' lang='lat' dir='ltr'>p.</span> <span class='ocrx_word' id='word_1_200' title='bbox 626 3105 764 3182; x_wconf 77' lang='grc'><strong>954.</strong></span> <span class='ocrx_word' id='word_1_201' title='bbox 793 3120 848 3164; x_wconf 81' lang='lat' dir='ltr'>a.</span> 
     </span>
    </p>

    <p class='ocr_par' dir='ltr' id='par_1_7' title="bbox 427 3215 2403 3649">
     <span class='ocr_line' id='line_1_24' title="bbox 509 3215 2401 3296; baseline -0.001 -19"><span class='ocrx_word' id='word_1_202' title='bbox 509 3219 661 3294; x_wconf 89' lang='lat' dir='ltr'>Quid</span> <span class='ocrx_word' id='word_1_203' title='bbox 681 3215 929 3296; x_wconf 88' lang='lat' dir='ltr'>amplius</span> <span class='ocrx_word' id='word_1_204' title='bbox 950 3219 1009 3277; x_wconf 91' lang='lat' dir='ltr'>in</span> <span class='ocrx_word' id='word_1_205' title='bbox 1027 3219 1216 3277; x_wconf 88' lang='lat' dir='ltr'>anima</span> <span class='ocrx_word' id='word_1_206' title='bbox 1235 3232 1322 3278; x_wconf 88' lang='lat' dir='ltr'>est</span> <span class='ocrx_word' id='word_1_207' title='bbox 1340 3218 1752 3295; x_wconf 84' lang='lat' dir='ltr'>requirendum</span> <span class='ocrx_word' id='word_1_208' title='bbox 1774 3260 1790 3289; x_wconf 93' lang='lat'>,</span> <span class='ocrx_word' id='word_1_209' title='bbox 1813 3231 1876 3276; x_wconf 92' lang='lat' dir='ltr'>ut</span> <span class='ocrx_word' id='word_1_210' title='bbox 1901 3218 2053 3276; x_wconf 86' lang='lat' dir='ltr'>inter</span> <span class='ocrx_word' id='word_1_211' title='bbox 2080 3216 2147 3276; x_wconf 81' lang='grc' dir='ltr'>τὰ</span> <span class='ocrx_word' id='word_1_212' title='bbox 2166 3215 2252 3277; x_wconf 79' lang='grc' dir='ltr'>ἀεὶ</span> <span class='ocrx_word' id='word_1_213' title='bbox 2274 3216 2401 3276; x_wconf 83' lang='grc' dir='ltr'>ὄντα</span> 
     </span>
     <span class='ocr_line' id='line_1_25' title="bbox 427 3331 2401 3414; baseline -0.003 -21"><span class='ocrx_word' id='word_1_214' title='bbox 427 3337 622 3395; x_wconf 86' lang='lat' dir='ltr'>locum</span> <span class='ocrx_word' id='word_1_215' title='bbox 639 3334 937 3394; x_wconf 84' lang='lat' dir='ltr'>obtineat?</span> <span class='ocrx_word' id='word_1_216' title='bbox 958 3335 1078 3414; x_wconf 92' lang='lat' dir='ltr'>Ipsi</span> <span class='ocrx_word' id='word_1_217' title='bbox 1093 3336 1353 3395; x_wconf 86' lang='lat' dir='ltr'>essentiae</span> <span class='ocrx_word' id='word_1_218' title='bbox 1371 3335 1606 3411; x_wconf 84' lang='lat' dir='ltr'>divinae,</span> <span class='ocrx_word' id='word_1_219' title='bbox 1630 3334 1964 3407; x_wconf 84' lang='lat' dir='ltr'>immortali,</span> <span class='ocrx_word' id='word_1_220' title='bbox 1993 3331 2401 3403; x_wconf 87' lang='lat' dir='ltr'>indissolubili,</span> 
     </span>
     <span class='ocr_line' id='line_1_26' title="bbox 430 3446 2402 3530; baseline -0.005 -18"><span class='ocrx_word' id='word_1_221' title='bbox 430 3471 658 3530; x_wconf 86' lang='lat' dir='ltr'>semper</span> <span class='ocrx_word' id='word_1_222' title='bbox 695 3451 898 3510; x_wconf 87' lang='lat' dir='ltr'>eodem</span> <span class='ocrx_word' id='word_1_223' title='bbox 951 3451 1127 3509; x_wconf 90' lang='lat' dir='ltr'>modo</span> <span class='ocrx_word' id='word_1_224' title='bbox 1171 3464 1229 3508; x_wconf 87' lang='lat' dir='ltr'>et</span> <span class='ocrx_word' id='word_1_225' title='bbox 1274 3452 1594 3510; x_wconf 85' lang='lat' dir='ltr'>secundum</span> <span class='ocrx_word' id='word_1_226' title='bbox 1641 3450 1839 3508; x_wconf 86' lang='lat' dir='ltr'>eadem</span> <span class='ocrx_word' id='word_1_227' title='bbox 1877 3450 2123 3527; x_wconf 86' lang='lat' dir='ltr'>seipsam</span> <span class='ocrx_word' id='word_1_228' title='bbox 2164 3446 2402 3505; x_wconf 89' lang='lat' dir='ltr'>habenti</span> 
     </span>
     <span class='ocr_line' id='line_1_27' title="bbox 429 3563 2403 3649; baseline -0.004 -19"><span class='ocrx_word' id='word_1_229' title='bbox 429 3567 740 3642; x_wconf 85' lang='lat' dir='ltr'>simillima,</span> <span class='ocrx_word' id='word_1_230' title='bbox 774 3589 1039 3629; x_wconf 65' lang='lat' dir='ltr'>vet-cens</span> <span class='ocrx_word' id='word_1_231' title='bbox 1073 3570 1185 3628; x_wconf 92' lang='lat' dir='ltr'>dici</span> <span class='ocrx_word' id='word_1_232' title='bbox 1221 3568 1353 3647; x_wconf 85' lang='lat' dir='ltr'>jure</span> <span class='ocrx_word' id='word_1_233' title='bbox 1401 3570 1624 3647; x_wconf 89' lang='lat' dir='ltr'>optimo</span> <span class='ocrx_word' id='word_1_234' title='bbox 1651 3581 1859 3648; x_wconf 84' lang='lat' dir='ltr'>potest.</span> <span class='ocrx_word' id='word_1_235' title='bbox 1892 3569 1990 3649; x_wconf 76' lang='grc' dir='ltr'>Τῷ</span> <span class='ocrx_word' id='word_1_236' title='bbox 2031 3565 2128 3644; x_wconf 84' lang='grc' dir='ltr'>μὲν</span> <span class='ocrx_word' id='word_1_237' title='bbox 2165 3564 2288 3646; x_wconf 83' lang='grc' dir='ltr'>θείῳ</span> <span class='ocrx_word' id='word_1_238' title='bbox 2312 3563 2403 3624; x_wconf 81' lang='grc' dir='ltr'>καὶ</span> 
     </span>
    </p>
   </div>
   <div class='ocr_carea' id='block_1_6' title="bbox 432 3677 2405 3763">
    <p class='ocr_par' dir='ltr' id='par_1_8' title="bbox 432 3677 2405 3763">
     <span class='ocr_line' id='line_1_28' title="bbox 432 3677 2405 3763; baseline -0.003 -23"><span class='ocrx_word' id='word_1_239' title='bbox 432 3681 679 3763; x_wconf 83' lang='grc' dir='ltr'>ἀθανάτῳ</span> <span class='ocrx_word' id='word_1_240' title='bbox 705 3682 796 3742; x_wconf 84' lang='grc' dir='ltr'>καὶ</span> <span class='ocrx_word' id='word_1_241' title='bbox 838 3687 1009 3762; x_wconf 81' lang='grc' dir='ltr'>νοητῷ</span> <span class='ocrx_word' id='word_1_242' title='bbox 1058 3684 1147 3743; x_wconf 79' lang='grc' dir='ltr'>καὶ</span> <span class='ocrx_word' id='word_1_243' title='bbox 1175 3683 1453 3759; x_wconf 84' lang='grc' dir='ltr'>μονοειδεῑ,</span> <span class='ocrx_word' id='word_1_244' title='bbox 1501 3683 1593 3741; x_wconf 75' lang='grc' dir='ltr'>καὶ</span> <span class='ocrx_word' id='word_1_245' title='bbox 1621 3681 1907 3762; x_wconf 81' lang='grc' dir='ltr'>ἀδιαλύτῳ,</span> <span class='ocrx_word' id='word_1_246' title='bbox 1931 3680 2019 3741; x_wconf 70' lang='grc' dir='ltr'>καὶ</span> <span class='ocrx_word' id='word_1_247' title='bbox 2045 3679 2126 3740; x_wconf 77' lang='grc' dir='ltr'>ἀεὶ</span> <span class='ocrx_word' id='word_1_248' title='bbox 2154 3677 2405 3744; x_wconf 80' lang='grc' dir='ltr'>ὡσαύτως</span> 
     </span>
    </p>
   </div>
   <div class='ocr_carea' id='block_1_7' title="bbox 436 3911 2406 4100">
    <p class='ocr_par' dir='ltr' id='par_1_9' title="bbox 436 3911 2406 4100">
     <span class='ocr_line' id='line_1_29' title="bbox 506 3911 2406 4010; baseline -0.002 -19"><span class='ocrx_word' id='word_1_249' title='bbox 506 3945 578 4007; x_wconf 80' lang='lat' dir='ltr'>(l)</span> <span class='ocrx_word' id='word_1_250' title='bbox 601 3942 718 3996; x_wconf 76' lang='lat' dir='ltr'>vid.</span> <span class='ocrx_word' id='word_1_251' title='bbox 750 3939 1026 4007; x_wconf 77' lang='lat' dir='ltr'>praesertim</span> <span class='ocrx_word' id='word_1_252' title='bbox 1055 3942 1199 3990; x_wconf 73' lang='lat'><strong>⁴237.</strong></span> <span class='ocrx_word' id='word_1_253' title='bbox 1242 3911 1295 3988; x_wconf 56' lang='lat' dir='ltr'>f‘:</span> <span class='ocrx_word' id='word_1_254' title='bbox 1319 3947 1442 4010; x_wconf 74' lang='grc' dir='ltr'>πάσῃ</span> <span class='ocrx_word' id='word_1_255' title='bbox 1461 3944 1665 4005; x_wconf 67' lang='grc' dir='ltr'>ἀκριὸεἰᾳ</span> <span class='ocrx_word' id='word_1_256' title='bbox 1686 3945 1847 4003; x_wconf 71' lang='grc' dir='ltr'>γράψει</span> <span class='ocrx_word' id='word_1_257' title='bbox 1880 3958 1929 3988; x_wconf 77' lang='grc' dir='ltr'>τε</span> <span class='ocrx_word' id='word_1_258' title='bbox 1953 3943 2029 3989; x_wconf 78' lang='grc' dir='ltr'>καὶ</span> <span class='ocrx_word' id='word_1_259' title='bbox 2059 3947 2230 3994; x_wconf 70' lang='grc' dir='ltr'>ποιήσει</span> <span class='ocrx_word' id='word_1_260' title='bbox 2263 3943 2406 4003; x_wconf 79' lang='grc' dir='ltr'>ψυχὴν</span> 
     </span>
     <span class='ocr_line' id='line_1_30' title="bbox 436 4023 2194 4100; baseline -0.005 -21"><span class='ocrx_word' id='word_1_261' title='bbox 436 4031 541 4080; x_wconf 68' lang='grc' dir='ltr'>ἰδεῖν</span> <span class='ocrx_word' id='word_1_262' title='bbox 558 4038 749 4100; x_wconf 52' lang='grc' dir='ltr'>πότερον</span> <span class='ocrx_word' id='word_1_263' title='bbox 772 4033 817 4080; x_wconf 66' lang='grc' dir='ltr'>ἓν</span> <span class='ocrx_word' id='word_1_264' title='bbox 840 4035 914 4081; x_wconf 82' lang='grc' dir='ltr'>καὶ</span> <span class='ocrx_word' id='word_1_265' title='bbox 932 4035 1087 4094; x_wconf 78' lang='grc' dir='ltr'>ὅμοιον</span> <span class='ocrx_word' id='word_1_266' title='bbox 1109 4034 1299 4093; x_wconf 64' lang='grc' dir='ltr'>πέφυκεν</span> <span class='ocrx_word' id='word_1_267' title='bbox 1328 4031 1355 4084; x_wconf 77' lang='grc' dir='ltr'><em>ἣ</em></span> <span class='ocrx_word' id='word_1_268' title='bbox 1380 4032 1499 4078; x_wconf 72' lang='grc' dir='ltr'>κατὰ</span> <span class='ocrx_word' id='word_1_269' title='bbox 1518 4034 1728 4089; x_wconf 76' lang='grc' dir='ltr'>σώματος</span> <span class='ocrx_word' id='word_1_270' title='bbox 1744 4030 1927 4092; x_wconf 64' lang='grc' dir='ltr'>μορφὴν</span> <span class='ocrx_word' id='word_1_271' title='bbox 1950 4023 2194 4079; x_wconf 71' lang='grc' dir='ltr'>πολυειδές.</span> 
     </span>
    </p>
   </div>
  </div>
 </body>
</html>
