3094 4963
1732 530 1811 584 88

783 649 871 707 De
888 648 1030 726 nep.
1054 648 1189 708 libri
1216 650 1344 710 loco
1373 651 1610 732 colligit,
1637 667 1694 711 et
1718 654 1789 712 ad
1811 653 2064 713 divinam
2095 655 2211 712 vim
2232 651 2433 726 refert,
2451 652 2658 709 mirum
2680 649 2739 706 in

780 763 1015 824 modum
1056 764 1400 845 descriptam
1424 779 1482 827 et
1511 787 1839 847 expressam
1880 790 1894 826 ε
1941 772 1970 827 ὁ
2020 768 2171 836 αὐτὸς
2191 769 2296 851 γὰρ
2323 757 2473 834 οὗτος
2503 764 2747 846 χειροτέ-

780 900 935 955 χνης,
954 879 1014 937 οὗ
1047 877 1207 957 μόνον
1229 880 1404 940 πάντα
1425 870 1530 947 οἶός
1551 905 1608 940 τε
1631 881 1791 955 σκεύη
1820 885 2064 955 ποιῆσαι,
2088 882 2227 942 ἀλλὰ
2248 881 2341 942 καὶ
2360 881 2429 941 τὰ
2450 884 2511 942 ἐκ
2537 883 2630 951 τῆς
2649 881 2748 957 γ’ἧς

782 992 1016 1072 φυόμενα
1061 993 1270 1055 ἅπαντα
1307 1003 1470 1069 ποιεῖ,
1505 996 1598 1056 καὶ
1624 1000 1736 1066 ζῶα
1763 995 1938 1057 πάντα
1980 997 2285 1079 ἐργάζεται,
2308 997 2376 1056 τά
2404 1020 2463 1056 τε
2496 996 2632 1056 ἄλλα
2659 993 2748 1051 καὶ

786 1106 984 1166 ἔαυτόν.
1022 1106 1127 1166 Καὶ
1177 1107 1307 1185 πρὸς
1349 1107 1569 1181 τούτοις,
1596 1113 1696 1187 γῆν
1728 1110 1817 1168 καὶ
1853 1111 2095 1192 οὐρανὸν,
2129 1111 2221 1170 καὶ
2248 1110 2423 1185 θεοὺς,
2453 1111 2544 1170 καὶ
2578 1109 2752 1169 πάντα

786 1218 851 1277 τὰ
877 1220 931 1277 ἓν
952 1222 1177 1301 οὖρανῷ,
1203 1220 1293 1279 καὶ
1317 1221 1386 1281 τὰ
1408 1226 1462 1282 ἐν
1483 1221 1608 1305 ᾅδου
1627 1223 1730 1284 ὑπὸ
1755 1227 1852 1305 γῆς
1882 1226 2092 1285 ἅπαντα
2125 1225 2574 1305 ἐργάζεται.749.
2593 1223 2747 1303 d.(1l
2789 1240 2798 1249 ‘

864 1339 1031 1395 Nunc
1077 1355 1216 1396 vero
1239 1381 1256 1409 ,
1302 1351 1520 1416 quanta
1561 1340 1636 1399 sit
1662 1340 1760 1399 illa
1794 1339 1988 1400 divina
2016 1341 2105 1402 vis
2135 1342 2401 1401 facillime
2439 1341 2757 1418 intelligere

788 1468 985 1524 queas.
1018 1452 1229 1511 Omnia
1245 1454 1400 1512 entia
1427 1453 1504 1513 ab
1525 1473 1593 1513 ea
1621 1454 1877 1534 pendere
1904 1476 2023 1516 non
2051 1459 2191 1538 jam,
2224 1469 2288 1514 ut
2308 1454 2478 1514 nobis
2494 1454 2755 1523 videtur,

790 1563 849 1620 in
877 1567 1327 1626 controversiam
1376 1571 1535 1628 venit
1558 1591 1575 1641 ;
1633 1582 1692 1628 at
1735 1570 1805 1629 de
1852 1571 1953 1629 illo
1996 1568 2248 1630 secundo
2277 1568 2563 1648 principio
2581 1612 2599 1643 ,
2632 1570 2762 1627 sive

791 1673 1018 1734 infinito
1042 1718 1059 1748 ,
1084 1675 1206 1737 sive
1224 1692 1532 1750 non-ente,
1567 1681 1727 1759 quod
1751 1703 1880 1742 cum
1907 1695 2038 1742 ente
2065 1724 2081 1754 ,
2113 1681 2185 1740 ad
2214 1681 2372 1739 ideas
2395 1678 2757 1751 formandas,

792 1801 850 1844 et
877 1808 1009 1846 cnm
1036 1789 1182 1851 ideis
1203 1791 1280 1852 ad
1305 1793 1598 1853 sensibilia
1619 1796 1967 1873 generanda,
1995 1796 2297 1855 misceatur
2323 1793 2756 1872 conspiretque‚

794 1903 937 1980 quid
975 1904 1384 1964 sentiendum?
1439 1912 1731 1966 Utrumne
1768 1907 2148 1983 judicandum
2172 1952 2186 1976 ‚
2224 1907 2372 1967 illud
2415 1926 2710 1983 nunquam
2736 1951 2750 1979 ‚

794 2019 979 2076 instar
995 2018 1125 2088 Dei,
1152 2021 1305 2076 nasci
1332 2021 1607 2095 potuisse,
1636 2038 1935 2095 nunquam
1956 2038 2077 2077 esse
2105 2019 2450 2098 periturum,
2477 2041 2548 2078 an
2572 2021 2755 2099 ipsum

799 2151 830 2186 a
861 2130 983 2188 Deo
1028 2130 1303 2209 pendere,
1351 2133 1432 2191 ita
1461 2144 1528 2189 ut
1563 2153 1596 2190 a
1633 2151 1904 2212 supremo
1945 2134 2184 2193 numine
2206 2133 2421 2192 habeat
2461 2135 2616 2194 unde
2642 2137 2710 2194 sit
2740 2179 2757 2206 ,

798 2257 972 2320 atque
1011 2242 1252 2322 intelligi
1293 2243 1474 2323 possit
1491 2288 1507 2316 ,
1573 2264 1905 2323 quanquam
1965 2245 2287 2304 adulterina
2347 2246 2598 2322 quadam
2666 2221 2786 2304 ra-·

801 2361 956 2418 tione
982 2359 1066 2439 (α)
1093 2360 1311 2439 percipi
1357 2359 1610 2420 debeat?
1653 2360 1712 2420 Si
1738 2361 2098 2420 Aristotelem
2138 2360 2359 2433 audias,
2387 2372 2444 2418 et
2477 2361 2759 2441 quosdam

800 2474 1116 2550 interroges
1140 2473 1399 2531 Platonis
1428 2470 1611 2550 ipsius
1638 2472 1797 2531 locos
1829 2473 1932 2548 (3),
1962 2472 2277 2543 infinitum,
2311 2473 2445 2534 mali
2471 2487 2529 2533 et
2558 2473 2764 2532 defec-

802 2597 892 2643 tus
917 2584 1295 2662 principium,
1338 2602 1444 2662 per
1468 2603 1529 2643 se
1558 2584 1877 2644 necessario
1911 2585 2183 2651 existere.
2214 2604 2423 2664 nempe
2460 2598 2526 2643 ut
2551 2606 2671 2644 uno
2706 2600 2764 2646 et

798 2716 1031 2759 summo
1066 2696 1224 2756 bono
1270 2698 1646 2767 contrarium,
1686 2697 2000 2757 videbitur.
2035 2697 2209 2779 Quod
2259 2701 2305 2758 si
2348 2699 2421 2757 ad
2460 2699 2760 2759 Philebum

805 2811 1142 2891 respexeris,
1161 2811 1262 2870 ubi
1281 2814 1445 2871 Plato
1473 2814 1656 2871 multo
1678 2814 1889 2871 clarius
1913 2812 2257 2891 planiusque
2279 2832 2453 2891 quam
2477 2813 2615 2872 alias
2644 2813 2764 2872 dis-

803 2939 972 3004 putat
1013 2930 1086 2984 de
1118 2927 1230 2985 isto
1259 2946 1488 3005 genere,
1518 2927 1700 3004 quod,
1728 2926 1802 2984 ad
1834 2926 2125 2984 infinitum
2146 2925 2362 3004 duplici
2385 2927 2605 2985 ratione
2632 2948 2769 2985 ver-

803 3062 942 3120 gens
960 3086 977 3117 ,
1008 3062 1277 3121 magnum
1296 3055 1355 3102 et
1382 3062 1655 3122 parvum,
1682 3041 1770 3100 vel
1798 3041 1993 3120 potius
2018 3042 2254 3120 ὑπεροχὴ
2282 3041 2374 3100 καὶ
2399 3041 2630 3121 ἔλλειψις
2653 3062 2765 3099 no·

804 3158 1010 3217 minari
1033 3154 1346 3231 debeat(cf.
1378 3160 1412 3233 §
1433 3158 1512 3232 2),
1535 3168 1658 3213 tum
1679 3155 1823 3214 illud
1841 3175 1875 3214 a
1895 3159 2022 3217 Deo
2045 3156 2343 3215 informari
2368 3156 2661 3235 intelliges,
2684 3169 2765 3226 et,

806 3267 1091 3347 quidquid
1115 3269 1211 3338 sit,
1240 3289 1313 3328 ex
1337 3268 1522 3360 prima
1550 3287 1742 3325 rerum
1760 3267 2021 3325 omnium
2051 3287 2221 3326 causa
2247 3280 2459 3326 tenere.
2489 3269 2596 3324 Hic
2615 3268 2767 3325 enim

809 3392 993 3445 Deum
1044 3385 1191 3443 finiti
1231 3397 1290 3443 et
1323 3383 1534 3443 infiniti
1576 3382 1838 3460 opificem
1880 3396 1937 3440 et
1978 3382 2225 3460 proinde
2266 3382 2594 3442 effectorem
2651 3401 2770 3441 esse

879 3659 954 3725 (l)
989 3659 1068 3710 Cf·
1097 3659 1214 3708 7250.
1240 3675 1284 3708 c,
1325 3655 1491 3714 ἐπειδὴ
1511 3678 1596 3726 περ
1623 3660 1743 3724 ciaon
1770 3678 1818 3721 γε
1849 3664 1922 3708 καὶ
1942 3665 2077 3708 τοῦτο
2101 3664 2173 3708 καὶ
2202 3661 2350 3708 τᾶλλα
2371 3664 2520 3709 πάντα
2538 3662 2769 3711 πεποίηκε.

878 3744 954 3809 (2)
989 3753 1193 3809 Λογισμῷ
1218 3746 1301 3793 τινὶ
1318 3748 1447 3808 νόθῳ.
1474 3740 1623 3791 ⁴00⁴.
1647 3756 1692 3791 c.

881 3827 955 3894 (3)
992 3823 1220 3890 Exempli
1243 3840 1411 3886 causa,
1435 3822 1573 3874 hunc
1590 3824 1835 3876 Tl.eaeteti
1869 3823 2033 3875 locum
2071 3820 2341 3872 afferamus
2368 3845 2378 3874 ε
2409 3820 2521 3874 MP
2548 3826 2641 3873 οὔτ’
2660 3829 2776 3874 ἀπο-

816 3917 968 3963 >enom
992 3917 1053 3963 τά
1079 3918 1198 3961 κακὰ
1232 3912 1416 3960 δυνατὸν
1432 3948 1445 3972 ,
1473 3913 1733 3961 ὑπεναντίον
1756 3915 1844 3973 γάρ
1885 3930 1928 3960 τι
1952 3918 2015 3975 τῷ
2036 3914 2190 3973 ἀγαθῷ
2217 3913 2302 3959 alti
2324 3909 2432 3958 εἶναι
2455 3914 2625 3970 ἀνάγκη
2646 3918 2655 3928 '
2680 3908 2776 3956 οὔτ’

816 3999 859 4042 ἐν
884 4000 993 4049 θεοῖς
1011 3996 1127 4043 αὐτὰ
1148 3995 1406 4060 ἱδρῦσθαι...
1433 3991 1546 4039 129.
1567 4006 1618 4038 a·
