3094 4963
1676 543 1749 600 81

817 674 1017 733 Mundi
1045 674 1330 734 sensibilis
1378 679 1563 732 Deum
1610 691 1733 732 esse
1778 683 2071 730 auctorem
2126 683 2303 749 atque
2357 682 2580 749 patrem
2623 682 2714 730 est

735 790 1161 848 declarandum.
1177 794 1209 847 J
1213 809 1302 847 am
1322 789 1690 867 pervulgatus
1707 800 1793 846 est
1818 787 1913 845 ille
1938 785 2222 865 Sophistae
2243 786 2430 859 locus,
2446 783 2549 843 ubi
2581 786 2705 843 ani·

738 907 906 964 malia
934 920 1138 966 cuncta
1166 949 1181 977 ,
1214 907 1439 984 plantas
1463 917 1520 963 et
1549 923 1929 982 quaecumque
1949 903 2265 962 inanimata
2297 914 2450 960 terra
2477 901 2588 960 fert
2615 902 2704 960 vel
2753 941 2760 945 -

732 1021 997 1095 inuadit,
1042 1042 1077 1080 a
1099 1026 1224 1079 neo
1250 1020 1524 1078 fabricata
1575 1032 1634 1077 et
1682 1001 1952 1097 {generata
1984 1017 2157 1076 fuisse
2186 1017 2421 1077 dieitur.
2463 1048 2546 1061 -
2574 1018 2703 1075 zaza

735 1132 800 1203 δὴ
855 1133 1030 1192 πάντα
1081 1132 1247 1205 θνητὰ
1291 1132 1382 1190 καί
1435 1129 1573 1211 φυτὰ
1595 1176 1611 1205 ,
1654 1128 1753 1190 ὅσα
1797 1133 1846 1189 τ’
1896 1129 1985 1189 ἐπὶ
2028 1131 2127 1209 γῆς
2153 1131 2215 1187 ἐκ
2261 1128 2586 1208 σπερμάτων
2612 1128 2702 1187 καὶ

736 1250 889 1326 ῥιζῶν
918 1245 1124 1326 φύεται,
1144 1245 1236 1306 καὶ
1260 1244 1358 1306 ὅσα
1381 1244 1565 1326 ἄψυχα
1593 1247 1645 1304 ἐν
1673 1248 1744 1323 γῇ
1765 1242 2095 1316 ξυνίσταται,
2136 1241 2363 1321 σώματα
2390 1242 2563 1315 τηκτὰ
2611 1241 2702 1300 καὶ

728 1358 967 1433 ἄτηκτα,
1020 1359 1134 1437 μῶν
1174 1336 1337 1416 ἄλλου
1364 1354 1503 1424 τινὸς
1530 1355 1568 1428 ἢ
1597 1360 1714 1416 θεοῦ
1757 1355 2198 1433 δημιουργοῦντος
2219 1352 2462 1433 φήσομεν
2483 1352 2701 1434 ὕστερον

725 1471 1021 1550 γίγνεσθαι,
1049 1471 1302 1551 πρότερον
1338 1471 1432 1530 οὐκ
1467 1469 1621 1545 ὄντας
1648 1502 1730 1515 -—-
1760 1466 2203 1545 ...ὑπολαμὸάνω
2239 1465 2440 1527 οἴεσθαί
2468 1490 2524 1527 σε
2555 1467 2699 1525 κατά

723 1605 783 1661 γε
805 1581 920 1640 θεὸν
942 1581 1078 1641 αὐτὰ
1095 1580 1389 1660 γίγνεσθαι,
1412 1579 1579 1657 ταύτῃ
1606 1580 1697 1639 καὶ
1717 1580 1874 1647 αὐτὸς
1895 1580 2170 1658 νενόμικα.
2192 1578 2239 1638 S
2240 1581 2378 1656 oph.
2411 1581 2540 1639 285.
2557 1579 2597 1638 b
2634 1602 2691 1639 c.

724 1699 840 1752 Nec
886 1693 979 1752 ille
1017 1693 1250 1771 quidem
1299 1692 1487 1753 locu?
1504 1705 1592 1752 est
1631 1691 1980 1751 refellendus
2007 1734 2024 1764 ,
2070 1692 2202 1752 ideo
2230 1692 2391 1771 quod
2422 1691 2495 1750 de
2518 1692 2696 1752 rebus

727 1811 923 1871 mixtis
967 1813 1367 1890 concretisque
1390 1857 1406 1887 ‚
1454 1832 1574 1871 non
1626 1811 1700 1872 de
1748 1811 2047 1872 elementis
2099 1811 2239 1888 ipsis
2287 1809 2380 1868 hic
2422 1808 2695 1889 disputa-

724 1942 819 1986 tur
847 1933 952 2002 (1).
984 1929 1212 1986 Etenim
1239 1970 1256 2000 ‚
1308 1947 1382 1984 ne
1408 1926 1554 2005 quid
1579 1926 1836 2005 ambigui
1873 1926 2257 2004 relinquatur,
2297 1925 2472 2004 paulo
2499 1924 2651 1982 infra
2677 1968 2695 1996 ,

723 2062 842 2101 non
888 2043 1061 2100 modo
1092 2043 1353 2100 animalia
1381 2054 1438 2100 et
1461 2044 1779 2121 composita
1806 2063 2053 2121 corpora
2073 2088 2089 2118 ,
2132 2043 2233 2102 sed
2260 2060 2328 2100 ea
2360 2062 2432 2101 ex
2480 2042 2698 2119 quibus

721 2159 1063 2235 gignuntur,
1077 2158 1361 2216 elementa
1375 2158 1613 2231 scilicet,
1634 2178 1666 2216 a
1678 2163 1802 2217 Deo
1821 2171 2121 2237 procreata
2140 2158 2336 2231 fuisse,
2351 2157 2517 2216 Plato
2534 2156 2704 2235 signi-

721 2266 1074 2339 ficatflltteic
1097 2269 1192 2347 μέν
1219 2292 1319 2329 που
1346 2268 1437 2328 καὶ
1457 2270 1632 2329 τᾶλλα
1652 2268 1883 2339 commi
1912 2267 1971 2336 ἐξ
1984 2259 2059 2327 {iv
2080 2267 2149 2327 τὰ
2163 2266 2420 2347 πεφυκότ’
2439 2266 2571 2339 ἐστὶ,
2587 2270 2697 2346 πῦρ

719 2376 811 2437 καὶ
835 2376 993 2458 ὕδωρ,
1016 2378 1108 2438 καὶ
1129 2378 1197 2438 τὰ
1221 2378 1420 2439 τούτων
1444 2379 1670 2460 ἀδελφὰ,
1698 2385 1815 2439 θεοῦ
1837 2379 2146 2459 γεννήματα
2175 2379 2351 2438 πάντα
2373 2379 2528 2458 ἴσμεν
2555 2376 2695 2437 αὐτὰ

688 2468 695 2473 ¹
721 2493 1120 2574 ἀπειργασμένα
1143 2494 1391 2554 ἕκαστα..
1426 2494 1581 2550 Ibid.
1622 2494 1751 2551 185.
1780 2513 1831 2552 e.
1857 2493 2009 2551 Illud
2024 2507 2222 2572 autem
2248 2494 2440 2552 obiter
2466 2506 2554 2552 est
2580 2513 2683 2551 an-

719 2607 1067 2683 notandum,
1097 2608 1209 2665 ulla
1233 2607 1466 2685 quidem
1494 2608 1738 2669 clariora
1764 2623 1821 2666 et
1849 2608 2111 2688 planiora
2137 2606 2334 2683 verba,
2350 2628 2483 2686 quae
2511 2609 2695 2686 magis

713 2721 787 2779 ad
811 2722 1173 2801 propositum
1204 2734 1472 2783 nostrum
1496 2724 1850 2804 pertineant,
1872 2744 2050 2802 quam
2086 2725 2184 2782 illa
2220 2729 2338 2782 θεοῦ
2357 2723 2692 2802 γεννήματα,

715 2842 871 2901 haud
907 2842 1068 2902 facile
1099 2863 1265 2922 posse
1288 2845 1567 2914 inveniri,
1601 2858 1701 2903 aut
1729 2857 1921 2904 mente
1952 2844 2202 2922 concipi.

794 2957 883 3013 Ad
928 2957 1087 3027 haec,
1138 2957 1391 3015 divinam
1433 2959 1549 3016 vim
1599 2959 1853 3018 sensibili
1899 2960 2118 3018 mundo
2156 2972 2375 3021 motum
2413 2980 2586 3019 unam
2610 2960 2689 3018 ab

714 3066 879 3126 initio
909 3066 1132 3126 afferre·
1158 3069 1734 3130 animadvertendum
1768 3084 1873 3132 est.
1912 3078 1978 3131 In
2006 3073 2236 3133 decimo
2269 3074 2357 3132 De
2378 3075 2587 3153 Legib.
2615 3075 2689 3133 ti-

782 3360 830 3408 3.
857 3356 1025 3419 Quum
1060 3372 1295 3407 numerus
1328 3356 1719 3410 mathematicus
1754 3362 1886 3411 inter
1907 3376 1987 3423 ea,
2030 3377 2140 3427 quae
2170 3374 2289 3413 sunt
2330 3358 2686 3429 intelligibilia,

709 3440 826 3502 jure
864 3441 932 3490 sit.
967 3440 1304 3505 reponendus,
1327 3458 1461 3504 eum,
1480 3458 1581 3491 non
1612 3458 1753 3493 secus
1784 3459 1845 3492 ac
1877 3442 1975 3494 alia
1997 3442 2350 3511 intelligibilia,
2378 3441 2444 3495 a'd
2462 3444 2685 3509 primum
2762 3509 2774 3516 ᾖ

711 3521 1018 3587 principium
1053 3522 1244 3591 (παντὸς
1282 3521 1452 3593 ἀρχὴν)
1478 3523 1653 3574 referri
1685 3536 1906 3590 oportet,
1946 3524 2084 3591 quod
2108 3528 2251 3577 omni
2284 3525 2589 3595 intelligibili
2631 3538 2688 3583 τὸ

715 3610 825 3657 εἶναι
858 3616 912 3653 et.
950 3606 1215 3654 cesentiam
1243 3603 1552 3668 suppeditat.
1591 3614 1676 3658 Καὶ
1702 3615 1754 3659 τὸ
1778 3613 1887 3660 εἶναι
1921 3616 1995 3660 καὶ
2023 3618 2104 3669 τὴν
2139 3616 2289 3663 οὐσίαν
2320 3609 2393 3666 ὑπ’
2421 3618 2584 3665 ἐκείνου
2610 3618 2687 3663 αὖ·

716 3697 808 3747 τοῖς
826 3696 1074 3753 προσεῖναι.
1099 3688 1212 3737 687.
1241 3684 1280 3738 f.

783 3767 962 3838 (osia
986 3785 1139 3835 porro
1172 3767 1508 3821 Moshemius:
1556 3772 1721 3836 «Quis
1757 3791 1877 3827 vero
1916 3789 2016 3826 tam
2058 3775 2190 3827 male
2219 3775 2408 3843 cernit,
2447 3779 2570 3844 quin
2609 3776 2688 3828 his

717 3856 768 3904 in
796 3853 963 3907 verbis
985 3851 1239 3921 intelligat
1273 3852 1337 3904 tle
1365 3855 1587 3905 materia:
1626 3868 1742 3906 ortu
1779 3870 1827 3907 et
1857 3862 2117 3910 creatione
2157 3862 2363 3910 minime
2398 3862 2571 3925 quaeri,
2595 3861 2686 3911 sed

714 3938 779 3988 dc
801 3941 1123 4005 generatione
1163 3949 1357 3990 tantum
1399 3951 1450 3990 et
1474 3940 1828 4005 procreatione
1862 3943 2156 3994 animalium
2194 3955 2245 3994 et
2279 3944 2511 4010 stirpium
2535 3941 2559 3993 ?
2585 3964 2614 3992 »
2638 3956 2689 3994 et

715 4033 826 4074 coet.
866 4021 939 4070 De
963 4028 1213 4074 creatione
1233 4040 1294 4071 es
1324 4019 1490 4070 nihilo
1509 4061 1522 4085 ,
1552 4021 1577 4091 ς
1613 4023 1694 4074 17.
