3094 4963
1711 498 1787 549 30

776 634 954 689 terius
980 641 1187 687 natura
1204 646 1307 705 per
1328 625 1524 684 omnia
1551 625 1708 683 entia
1729 624 1912 682 divisa
1933 635 2106 700 atque
2120 618 2401 700 dispersa)
2422 623 2531 682 nisi
2549 622 2758 681 indefi-

775 749 894 806 nita
909 746 1104 825 magui
1118 757 1176 803 et
1192 744 1723 823 parviDyas,quam
1739 742 2017 800 hactenus
2033 741 2504 818 investigavimus
2521 759 2754 798 summa

771 881 935 931 cura,
969 871 1029 919 et
1054 879 1185 937 quae
1215 858 1446 919 tandem
1474 856 1549 916 ad
1571 875 1818 916 non-ens
1839 857 2143 916 manifesto
2166 853 2492 933 redigitur?

836 980 1025 1049 Nunc,
1045 973 1400 1051 ubicumque
1422 972 1741 1045 infinitum,
1762 971 1902 1029 etin
1918 974 1984 1049 τῇ
1997 969 2224 1049 γενέσει,
2240 971 2382 1029 etin
2403 968 2567 1043 ideis,
2581 968 2750 1029 Plato

772 1087 1184 1161 collocaverat,
1211 1085 1375 1162 quod
1412 1085 1607 1144 verius
1631 1096 1691 1142 et
1714 1083 1790 1144 ad
1816 1083 2129 1143 dialecticae
2157 1102 2422 1142 normam
2447 1083 2628 1160 magis
2650 1103 2752 1142 ao-

774 1198 1208 1259 commodatum
1247 1198 1502 1272 videtur,
1534 1216 1791 1259 non-ens
1830 1197 2083 1276 reponit.
2131 1201 2277 1255 Nam
2305 1196 2541 1255 alterius
2565 1196 2752 1275 ipsius

772 1326 977 1374 natura
994 1312 1461 1391 unumquodque
1474 1313 1698 1372 entium
1714 1328 1963 1373 non-ens
1979 1310 2178 1382 efficit3
2197 1309 2359 1369 unde
2371 1309 2437 1368 fit
2457 1322 2523 1368 ut
2540 1323 2745 1369 cuncta

770 1428 1034 1490 similiter
1054 1427 1361 1485 non-entia
1372 1438 1614 1505 propter
1634 1425 1787 1483 hanc
1807 1440 2062 1496 causam,
2083 1436 2258 1501 atque
2276 1423 2411 1482 ideo
2430 1423 2591 1500 quod
2611 1442 2742 1481 cum

771 1553 905 1600 ente
930 1540 1384 1609 communicant,
1431 1557 1629 1597 rursus
1666 1539 1825 1601 entia
1850 1538 1966 1597 sint
1996 1538 2279 1599 vocanda.
2326 1535 2512 1598 Ἔστιν
2553 1536 2657 1619 ἄρα
2685 1535 2741 1604 ἐξ

778 1653 1013 1732 ἀνάγκης
1033 1651 1095 1711 τὸ
1124 1649 1201 1729 μὴ
1230 1649 1288 1711 ὂν
1315 1648 1406 1709 ἐπί
1438 1672 1497 1708 τε
1525 1647 1788 1720 κινήσεως
1808 1638 1944 1709 εἶναι
1960 1692 1977 1721 ,
2011 1646 2103 1706 καὶ
2128 1648 2268 1711 κατὰ
2298 1650 2476 1708 πάντα
2501 1648 2742 1726 τὰγένη·

770 1770 910 1832 κατὰ
933 1771 1113 1832 πάντα
1140 1769 1247 1851 γὰρ
1270 1772 1309 1841 ἦ
1341 1769 1564 1848 θατέρου
1592 1766 1778 1848 φύσις,
1809 1766 1988 1847 ἕτερον
2010 1766 2411 1849 ἀπεργαζομένη
2439 1774 2534 1828 τοῦ
2569 1768 2738 1844 ὄντος,

768 1886 992 1951 ἕκαστον
1022 1888 1119 1946 οὔκ
1144 1885 1202 1946 ὃν
1230 1893 1387 1945 ποιεῖ.
1417 1882 1508 1944 καὶ
1538 1882 1817 1961 ξύμπαντα
1845 1884 1912 1954 δὴ
1940 1882 2081 1943 κατὰ
2107 1882 2469 1956 ταυτὰ,οὕτως
2497 1888 2592 1945 οὐκ
2615 1885 2742 1945 ὄντα

768 2004 936 2082 ὀρθῶς
954 2005 1202 2081 ἐροί”ἰμ.ινι
1227 1999 1318 2059 καὶ
1345 1997 1532 2071 πάλιν,
1567 1997 1649 2057 ὅτι
1675 1996 1891 2077 μετέχει
1921 2002 2018 2057 τοῦ
2032 1999 2202 2071 ὄντος,
2236 1987 2369 2057 εἶναι
2394 2021 2453 2058 τε
2478 1999 2571 2058 καὶ
2592 2001 2738 2062 ὄντα.

767 2109 941 2185 Soph.
976 2130 1105 2185 179.
1125 2108 1184 2169 d.
1221 2106 1518 2185 Quidquid
1544 2120 1884 2186 generatum
1912 2108 2043 2180 fuit,
2072 2109 2154 2168 ita
2177 2107 2348 2168 nobis
2375 2123 2636 2200 apparet,
2671 2124 2738 2169 ut

767 2226 938 2286 simul
960 2243 1083 2283 esse
1111 2236 1169 2282 et
1195 2242 1314 2282 non
1334 2241 1456 2283 ease
1480 2222 1768 2295 videatur,
1780 2223 2041 2308 ‚ideoque
2065 2223 2219 2282 inter
2247 2243 2384 2282 vere
2406 2243 2509 2284 ens
2529 2237 2589 2283 et
2607 2245 2740 2285 om-

768 2339 911 2397 nino
930 2357 1189 2397 non-ens
1209 2340 1340 2417 jure
1365 2337 1440 2396 sit
1464 2337 1819 2415 ponendum.
1856 2339 2064 2405 Οὐκοῦν
2092 2334 2290 2416 ἔφαμεν
2313 2338 2366 2395 ἐν
2386 2344 2496 2405 τοῖς
2512 2336 2734 2417 πρόσθεν

770 2453 820 2513 εἴ
843 2476 897 2515 τι
928 2453 1114 2536 φανείη
1139 2444 1244 2514 οἷον
1277 2453 1390 2531 ἅμα
1420 2450 1479 2511 ὄν
1506 2475 1567 2511 τε
1599 2451 1690 2513 καὶ
1720 2451 1796 2531 μὴ
1822 2451 1878 2512 ὂν
1896 2497 1914 2523 ,
1966 2451 2029 2513 τὸ
2054 2459 2285 2514 τοιοῦτον
2315 2453 2509 2531 μεταξὺ
2530 2453 2737 2514 niceae

763 2576 856 2640 τοῦ
874 2571 1166 2648 εἰλικρινῶς
1185 2567 1331 2633 ὄντος
1353 2587 1412 2626 τε
1433 2565 1524 2626 καὶ
1543 2571 1640 2627 τοῦ
1657 2566 1870 2634 πάντως
1893 2565 1972 2645 μὴ
1988 2566 2151 2635 ὄντος.
2182 2569 2271 2628 De
2289 2572 2513 2644 Rep.V.
2530 2571 2666 2646 669.
2681 2589 2734 2628 a.

763 2682 947 2740 Paulo
974 2681 1125 2739 infra
1149 2679 1442 2739 sensibilia
1466 2683 1729 2740 Socrates
1758 2680 1840 2739 ait
1878 2679 2067 2739 media
2093 2682 2246 2742 inter
2277 2683 2518 2742 omnino
2546 2702 2649 2743 ens
2678 2697 2735 2742 et

760 2796 1006 2857 omnino
1042 2815 1303 2856 non-ens
1336 2796 1526 2857 volvi:
1554 2794 1625 2856 τὰ
1664 2798 2014 2880 τῶνῠπολλῶν
2041 2794 2217 2858 πολλὰ
2244 2796 2449 2875 νόμιμα
2478 2800 2648 2878 κᾳλοῦ
2673 2822 2732 2857 τε

759 2908 905 2989 πέρι,
932 2908 1024 2968 καὶ
1048 2912 1155 2968 τῶν
1175 2881 1370 2983 ἄλλων,
1394 2907 1590 2988 μεταξύ
1611 2931 1712 2969 που
1732 2911 2053 2970 κυλινδεῖται
2071 2913 2164 2968 τοῦ
2184 2933 2243 2968 τε
2260 2909 2407 2977 ὄντος
2430 2908 2628 2970 καὶτοῦ
2654 2907 2730 2986 μὴ

754 3023 923 3090 ὄντος.
960 3023 1097 3079 Ibid
1142 3024 1282 3099 669.
1308 3042 1360 3082 e.
1391 3023 1543 3099 Quin
1574 3023 1748 3084 etiam
1775 3022 1933 3082 ideas
1969 3025 2121 3102 ipsas
2150 3043 2435 3085 non-ens
2460 3024 2732 3084 invadere

754 3134 1079 3214 comperias
1099 3178 1116 3210 ‚
1146 3135 1309 3213 quod
1331 3155 1529 3195 secum
1564 3135 1720 3194 illam
1746 3136 1955 3196 infiniti
1974 3180 1990 3207 ‚
2023 3156 2153 3214 quae
2180 3136 2363 3216 ipsius
2386 3151 2473 3198 est
2496 3138 2733 3217 propria

752 3260 813 3305 et
834 3249 1159 3325 peculiaris,
1185 3262 1451 3308 naturam
1474 3250 1718 3318 invehit,
1747 3250 1975 3326 illisque
2004 3250 2188 3314 addit,
2217 3251 2356 3330 Περὶ
2374 3250 2597 3312 ἕκαστον
2624 3252 2733 3330 ἄρα

752 3358 861 3416 τῶν
887 3356 1049 3416 εἰδῶν
1069 3354 1209 3418 πολὺ
1235 3357 1331 3436 μέν
1361 3361 1477 3420 ἐστι
1507 3357 1570 3416 τὸ
1597 3357 1675 3433 ὄν,
1705 3358 1924 3438 ἄπειρον
1954 3359 2009 3421 δὲ
2035 3361 2230 3434 πλήθει
2257 3361 2319 3420 τὸ
2350 3358 2425 3438 μὴ
2450 3359 2526 3421 ὄν.
2551 3359 2711 3439 Soph

761 3493 894 3549 179.
917 3493 968 3534 e.

830 3584 1007 3662 Quod
1035 3584 1084 3642 si
1109 3584 1253 3642 illud
1281 3584 1662 3662 principium,
1692 3586 1852 3662 quod
1878 3586 2191 3658 infinitum,
2237 3587 2548 3664 inaequale,
2585 3587 2726 3644 alte-

748 3717 901 3776 rum,
945 3704 1105 3762 nullo
1148 3695 1479 3761 discrimine
1509 3718 1776 3779 vocatur,
1819 3706 1962 3766 nihil
2007 3708 2166 3768 aliud
2192 3720 2279 3767 est
2311 3707 2419 3767 nisi
2449 3726 2720 3777 non-enS,

749 3821 1047 3881 materiam
1071 3823 1281 3900 ipsam,
1314 3823 1386 3881 de
1417 3845 1534 3902 qua
1558 3826 1720 3883 Plato
1747 3824 1994 3897 disserit,
2026 3845 2273 3885 non-ens
2299 3845 2422 3884 esse
2442 3826 2578 3884 satis
2605 3843 2726 3882 ma-

750 3939 978 3999 festum.
1010 3944 1379 4019 Quapropter
1400 3959 1470 4001 ex
1492 3939 1779 4018 ejusmodi
1801 3957 2007 4010 natura
2023 3941 2174 4003 'nihil
2197 3944 2362 4021 oriri,
2392 3948 2452 4003 in
2477 3964 2549 4004 ea
2580 3941 2721 4003 nihil
