3094 4963
504 758 511 767 ’
595 828 720 917 AN
781 770 914 916 srr
978 758 1404 918 PLATONIS
1461 830 1686 920 mins
1749 832 2179 929 carmon.

493 1515 592 1569 Est
623 1512 853 1588 vulgata
880 1511 1240 1590 ‘plerumque
1261 1526 1321 1572 et
1347 1515 1660 1575 multorum
1705 1514 1913 1575 animis
1938 1514 2117 1573 infixa
2144 1515 2380 1592 opini0‚

411 1635 629 1683 veteres
680 1623 1056 1706 philosophos
1106 1647 1338 1702 omnes,
1396 1629 1508 1686 nisi
1531 1628 1980 1705 Neoplatonicos
2006 1629 2293 1707 excipias,
2320 1629 2386 1690 in

409 1736 521 1794 hoc
547 1737 665 1795 sere
688 1740 1041 1799 consensisse
1061 1782 1078 1811 ‚
1108 1753 1176 1797 ut
1197 1741 1494 1798 materiam
1524 1759 1647 1798 esse
1673 1752 1943 1798 aeternam
1962 1784 1980 1813 ‚
2011 1754 2069 1797 et
2097 1743 2381 1800 mundum

408 1850 545 1906 hinc
588 1870 621 1906 a
644 1854 769 1907 Deo
816 1851 1127 1908 formatum
1164 1870 1322 1923 esse,
1378 1852 1440 1909 in
1478 1852 1757 1911 doctrinis
1791 1851 1910 1910 suis
1942 1853 2382 1930 profiterentur;

408 1986 568 2043 erge,
593 1968 683 2025 vel
703 1987 737 2025 a
757 1968 1219 2045 prudentissimis
1240 1983 1297 2026 et
1316 1968 1751 2048 sapientissimis
1769 1971 2021 2041 illorum,
2047 1990 2167 2028 non
2189 1991 2378 2032 rerum

410 2103 728 2149 creatorem
758 2096 944 2150 Deum
963 2136 980 2165 ,
1002 2093 1102 2151 sed
1130 2095 1403 2152 artificem
1440 2096 1843 2153 tantummodo
1862 2108 1919 2152 et
1934 2096 2381 2172 gubernatorem
2432 2125 2439 2130 ·

407 2191 669 2261 habitum
699 2205 893 2264 fuisse.
928 2211 1018 2264 Ita
1043 2220 1302 2267 veterum
1351 2208 1613 2265 omnium
1645 2207 2124 2286 philosophorum
2154 2209 2227 2267 de
2253 2214 2379 2268 Deo

403 2315 727 2374 doctrinam
782 2318 1176 2396 imperfectam
1225 2320 1397 2379 fuisse
1441 2333 1499 2377 et
1554 2320 1721 2397 quasi
1767 2339 2028 2379 mancam
2082 2323 2337 2381 creditur
2363 2348 2376 2379 ε

403 2432 686 2509 quosdam
720 2447 909 2494 tamen
938 2437 1167 2495 illorum
1199 2437 1270 2496 de
1298 2437 1494 2497 divina
1521 2438 1581 2497 vi
1608 2448 1664 2496 et
1692 2450 1899 2497 natura
1928 2439 2155 2517 egregia
2194 2441 2375 2498 multa

405 2559 462 2602 et
491 2551 764 2625 praeclara
791 2551 1124 2615 disseruisse
1145 2576 1164 2630 3
1196 2555 1494 2612 Platonem
1524 2567 1715 2612 autem
1745 2547 1907 2614 illum
1950 2555 2245 2633 inprimis,
2279 2576 2378 2614 su-

405 2662 593 2739 premi
621 2665 878 2723 numinis
918 2679 1113 2744 aptam
1141 2680 1198 2724 et
1229 2668 1590 2744 magnificam
1620 2669 1927 2745 imaginem
1956 2668 2067 2727 sibi
2098 2669 2331 2727 finxisse
2354 2712 2370 2739 ,

402 2801 470 2838 ac
492 2825 510 2856 ,
541 2782 655 2841 nisi
684 2803 852 2842 suum
880 2787 1041 2843 illum
1068 2791 1256 2845 Deum
1284 2787 1394 2845 hac
1421 2786 1655 2844 creandi
1682 2799 1964 2865 potestate
1992 2789 2325 2865 spoliaverit
2356 2831 2372 2858 ‚

403 2908 503 2953 aut
546 2883 754 2956 fr’ustra
796 2899 1201 2974 adornaverit,
1244 2900 1691 2960 christianorum
1731 2905 1856 2959 Deo
1904 2901 2251 2980 persimilem
2290 2902 2374 2960 fe-

402 3007 562 3068 cisse.

490 3123 653 3182 Plato
681 3125 743 3181 in
770 3124 1055 3201 theologia
1077 3124 1504 3183 multo-caeteris
1531 3123 1779 3182 anteisse
1801 3121 1959 3180 haud
1980 3123 2155 3181 semel
2185 3123 2371 3184 dictus

402 3249 489 3295 est
507 3278 526 3313 ‚
557 3248 616 3294 et
643 3236 860 3295 meritis
882 3249 1123 3316 propter
1147 3236 1259 3295 hoc
1286 3235 1557 3295 laudibus
1585 3232 1941 3307 celebratus3
1993 3234 2104 3313 ipsi
2134 3255 2372 3314 quoque

401 3355 692 3414 Aristoteli
722 3331 780 3413 in
810 3355 921 3414 hac
948 3355 1331 3435 philosophiae
1369 3368 1532 3434 parte
1550 3396 1568 3427 ,
1602 3366 1724 3411 tum
1754 3354 1977 3412 ratione
2003 3373 2071 3412 ac
2098 3355 2373 3414 methodo

400 3469 572 3545 longe
598 3467 886 3528 dissimilis
904 3511 921 3540 ,
956 3481 1076 3526 tum
1107 3469 1382 3527 doctrinae
1400 3467 1705 3526 altitudine
1727 3487 1793 3524 ac
1815 3465 2092 3543 dignitate
2112 3467 2377 3545 superior

400 3602 433 3639 a
460 3580 727 3659 pluribus
759 3583 1030 3642 inventus
1061 3594 1165 3644 est.
1203 3585 1471 3640 Attamen
1513 3580 1575 3639 in
1609 3599 1729 3638 uno
1748 3599 1887 3659 *cum
1913 3578 2013 3635 illo
2053 3579 2296 3638 sensisse
2318 3593 2375 3638 et

399 3709 618 3749 errasse
647 3691 823 3768 vulgo
867 3690 1261 3761 existimatur,
1295 3690 1509 3749 scilicet
1533 3709 1718 3767 quum
1747 3688 1961 3768 pariter
1991 3688 2263 3766 opinatus
2289 3704 2377 3749 est

402 3807 688 3868 mundum
717 3826 750 3865 e
778 3806 1050 3878 materia,
1103 3826 1277 3885 quam
1315 3825 1508 3865 rerum
1545 3775 1752 3865 natura
1779 3805 2145 3884 suppeditat,
2194 3828 2229 3864 a
2251 3811 2376 3866 Deo

405 3925 601 3981 fictum
641 3934 699 3979 et
744 3920 1088 3980 fabricatum
1131 3919 1320 3982 fuisse.
1371 3924 1510 3996 Quae
1557 3919 1794 3998 quidem
1834 3919 2032 3999 opinio
2052 3963 2068 3993 ,
2122 3940 2194 3980 an
2238 3942 2374 3981 vere
