3094 4963
1352 552 1395 616 9

380 675 507 736 Imo
535 678 806 756 magistro
835 697 940 736 suo
985 677 1208 756 plaudit
1250 690 1308 736 et
1337 679 1679 755 gratulatur,
1727 677 1885 756 quod
1916 677 2135 755 primus
2160 677 2350 735 locum

381 803 534 849 recte
556 811 622 849 ac
642 791 944 868 perspicue
971 790 1277 862 definierit,
1302 806 1435 846 cum
1464 809 1598 848 eum
1622 764 1832 849 dixerit
1860 811 1967 868 pro
1988 788 2353 868 receptaculo

382 920 573 959 rerum
609 902 941 960 habendum
971 922 1114 961 esse.
1167 904 1394 984 Λέγουσι
1439 904 1532 981 μὲν
1585 904 1688 985 γὰρ
1728 904 1959 971 ἅπαντες
1991 895 2124 964 εἶναι
2172 928 2222 962 τι
2264 903 2351 962 τὸν

381 1014 561 1075 τόπον.
585 1015 637 1073 τί
659 1015 705 1074 δ’
731 1019 896 1092 ἐστιν,
915 1007 1063 1084 οὗτος
1085 1017 1242 1094 μόνος
1271 1019 1615 1099 ἐπεχείρησεν
1646 1022 1834 1078 εἰπεῖν.
1871 1021 2059 1093 Phys.
2087 1018 2224 1080 ibid.
2243 1016 2354 1076 Su-

378 1129 556 1188 binde
586 1142 867 1188 monstrat
914 1131 1250 1190 Aristoteles
1299 1132 1441 1189 illud
1488 1131 1914 1210 receptaculum
1970 1132 2129 1189 nullo
2178 1129 2354 1188 modo

382 1246 679 1304 materiam
723 1266 915 1304 rerum
950 1247 1302 1306 sensibilium
1345 1266 1468 1307 esse
1503 1267 1710 1325 posse:
1762 1248 1999 1307 materia
2043 1248 2197 1305 enim
2234 1268 2354 1306 non

384 1360 852 1438 sejungiturare‚
883 1363 1044 1421 locus
1073 1374 1264 1420 autem
1292 1362 1515 1440 sejungi
1542 1376 1732 1441 potest
1754 1386 1772 1434 3
1805 1363 2042 1421 materia
2065 1382 2182 1420 non
2214 1384 2356 1421 con-

383 1473 525 1531 tinet
545 1493 688 1545 rem‚
713 1492 843 1549 quae
867 1475 1196 1531 continetur
1227 1493 1260 1531 a
1281 1475 1427 1534 loco,
1465 1473 1535 1533 Ἥ
1557 1475 1655 1547 ὕλη
1681 1478 1739 1533 οὖ
1759 1474 2048 1554 χωρίζεται’
2059 1479 2150 1535 τοῦ
2180 1475 2356 1555 πράγ-

389 1608 568 1664 ματος·
589 1587 676 1647 τὸν
703 1585 756 1645 δὲ
777 1585 937 1644 τόπον
954 1585 1290 1666 affixam-au..
1318 1579 1355 1666 ἦ
1388 1585 1442 1648 δὲ
1456 1588 1716 1669 περιέχει,
1740 1572 1907 1667 τάύτῃ
1929 1588 2106 1666 ἕτερος
2122 1591 2216 1660 τῆς
2229 1586 2358 1659 ὕλης

383 1705 435 1774 (ὃ
453 1699 854 1774 τόπος).ΡῘι,γε.
871 1702 907 1756 Ι
910 1700 1021 1758 bid.
1047 1700 1312 1776 Denique
1340 1701 1500 1759 locus
1509 1700 1960 1759 substantialiter
1979 1703 2248 1776 existens,
2266 1703 2357 1760 vel

382 1812 761 1871 substantiam
804 1811 1055 1886 aliquam
1099 1830 1170 1868 ex
1208 1830 1329 1869 sese
1358 1831 1660 1889 generans,
1678 1811 1919 1888 intelligi
1964 1832 2082 1869 non
2126 1825 2352 1890 potest3

380 1931 542 1987 locus
561 1924 893 2005 indefinitus
920 1927 1000 1985 nil
1029 1926 1184 1986 aliud
1215 1939 1322 2001 est,
1341 1925 1450 1986 nisi
1478 1914 1747 1986 vacuum.
1777 1927 1947 2001 Quod
1978 1927 2216 2004 quidem
2247 1948 2354 2006 op-

384 2041 521 2097 time
561 2038 855 2116 perspexit
903 2038 1256 2110 Aristoteles,
1309 2038 1588 2120 quodque
1632 2059 1752 2098 non
1797 2024 1969 2099 semel
2002 2040 2348 2099 enuntiavit.

379 2152 670 2210 Γελοῖσν...
700 2151 782 2209 Τὸ
809 2152 965 2211 κενὸν·
989 2149 1121 2210 ἄλλό
1147 2175 1198 2208 τι
1231 2151 1445 2211 οἴεσθαι
1465 2151 1660 2232 λέγειν,
1698 2149 1837 2224 πλὴν
1868 2152 2052 2232 χώραν
2084 2152 2352 2230 σώματος.

382 2263 477 2320 De
501 2283 695 2341 gener.
726 2274 785 2333 et
807 2281 951 2320 corr.
977 2262 1027 2335 Ι,
1054 2263 1179 2343 87p.
1204 2254 1350 2319 ⁸511.
1385 2262 1469 2321 Cf.
1505 2264 1700 2337 Phys.
1728 2269 1825 2332 IV,
1856 2285 1914 2335 23
1947 2266 2019 2323 de
2041 2265 2221 2334 Coelo,
2244 2269 2383 2341 111‚‘

387 2380 445 2429 2,
474 2360 581 2416 sub
601 2358 749 2437 fine.

465 2472 716 2530 Tertium
765 2473 941 2550 igitur
974 2472 1324 2550 platonicum
1353 2491 1534 2550 genus
1563 2472 1652 2530 vel
1686 2471 2061 2550 principium,
2091 2472 2136 2531 si
2184 2472 2359 2530 modo

386 2607 518 2643 cum
542 2586 697 2666 χώρᾳ
709 2577 1118 2659 confundatur,
1137 2607 1209 2644 ne
1232 2587 1393 2645 brevi
1410 2588 1471 2644 in
1500 2585 1870 2645 indefinitum
1894 2607 2139 2647 vacuum
2155 2588 2362 2645 evadat

391 2700 548 2758 haud
571 2701 734 2759 facile
756 2701 885 2777 quis
912 2700 1208 2778 impediat.
1243 2705 1443 2776 Neque
1477 2701 1569 2759 isti
1605 2701 1959 2759 conclusioni
1988 2702 2151 2759 Plato
2182 2722 2361 2779 repu-

394 2836 570 2894 gnare
579 2816 748 2874 nobis
760 2816 1007 2887 videtur,
1024 2827 1225 2893 utpote
1243 2815 1343 2891 qui
1362 2796 1435 2871 ex
1456 2805 1556 2872 illo
1580 2817 1940 2892 receptaculo
1957 2816 2100 2872 nihil
2123 2817 2354 2888 educat,

391 2941 450 2985 et
467 2928 608 2985 nihil
632 2928 788 2986 aliud
815 2928 874 2984 in
898 2947 968 2985 eo
990 2940 1227 3003 quaerat,
1244 2927 1353 2985 nisi
1372 2921 1566 2985 sedem
1592 2926 1763 2985 variis
1791 2929 1981 2986 rerum
2001 2927 2357 2986 sensibilium

392 3041 710 3099 elementis·

472 3153 729 3228 Spatium
758 3153 1109 3210 abstractum
1138 3170 1326 3228 neque
1350 3153 1530 3208 ullum
1556 3171 1680 3224 ens,
1713 3154 2188 3231 velquacumque
2217 3175 2357 3213 voce

391 3265 655 3322 nomines
691 3266 1040 3323 elementum
1084 3263 1402 3341 corporale,
1446 3263 1507 3321 in
1545 3283 1605 3322 se
1654 3257 1930 3341 recelare,¹
1957 3286 2146 3344 neque
2179 3288 2251 3326 ex
2297 3286 2356 3326 sc

390 3377 654 3453 fundere,
673 3378 761 3434 vel
785 3377 1020 3455 propria
1041 3377 1120 3449 vi,
1146 3377 1236 3433 vel
1248 3389 1492 3434 externa
1513 3395 1685 3434 causa
1701 3390 1993 3449 movente,
2019 3381 2355 3455 potest.Hoc

389 3505 448 3550 et
475 3493 622 3550 ratio
644 3492 896 3569 subjicit,
916 3505 973 3550 et
998 3505 1236 3550 testatur
1256 3485 1610 3565 Aristotele8‚
1631 3493 1736 3568 qui
1764 3493 1903 3550 dum
1930 3494 2184 3551 Platonis
2212 3493 2358 3551 doc-

393 3604 601 3661 trinam
634 3606 936 3682 impugnat
967 3605 1347 3676 adversarum,
1379 3605 1457 3662 ait
1499 3617 1751 3681 quatuor
1790 3626 2088 3665 causarum
2123 3593 2356 3667 'nullam

390 3719 452 3775 in
472 3719 599 3775 loco
622 3719 828 3788 inesse,
862 3730 920 3775 et
947 3718 1239 3775 materiam
1283 3718 1553 3796 inprimis
1589 3719 1649 3775 in
1676 3739 1746 3778 eo
1779 3720 1982 3797 reponi
2011 3740 2128 3777 non
2159 3740 2350 3797 posse,

392 3839 529 3913 quia
550 3838 694 3895 nihil
723 3857 794 3894 ex
822 3856 891 3894 eo
921 3838 1245 3895 constatvel
1269 3838 1471 3899 oritur.
1498 3835 1624 3895 Ἔτι
1661 3804 1738 3910 δὲ’,
1770 3837 1861 3895 καὶ
1883 3837 2021 3902 τίνος
2044 3837 2104 3895 ἄν
2138 3861 2213 3904 τις
2238 3837 2351 3909 θείη

392 3945 499 4016 τοῖς
521 3938 663 4008 οῧσιν
687 3949 853 4010 αἴτιον
893 3936 1027 4009 εἶναι
1050 3948 1138 4007 τόν
1161 3949 1352 4022 τόπον;
1384 3949 1604 4027 οὐδεμία
1628 3948 1729 4027 γὰρ
1766 3948 1908 4009 αἰτία
1928 3950 2172 4029 ’ὗπάρχει
2215 3951 2357 4030 αὗτῷ
