3094 4963
1352 484 1423 541 2!

423 614 779 672 contrarium
797 657 815 687 ‚
844 614 1004 692 quod
1046 613 1352 673 essentiam
1400 611 1687 670 ministrat
1719 609 1877 670 εζπεί
1903 609 1951 666 δ’
1986 606 2133 667 αἴτια
2175 607 2253 667 τὰ
2281 605 2396 677 εἴδη

423 726 533 789 τοῖς
582 724 784 798 ἄλλοις,
833 724 905 784 τὰ
956 723 1172 783 ἐκείνων
1202 730 1443 803 στοιχεῖα
1492 722 1710 783 πάντων
1744 720 1894 801 ᾠήθη
1922 722 2030 778 τῶν
2056 717 2221 778 ὄντων
2260 706 2401 776 εἶναι

423 842 681 914 στοιχεῖα·
703 837 777 903 ὣς
801 833 897 912 μὲν
923 824 1014 893 οὖν
1058 832 1191 907 ὅλην
1216 834 1280 893 τὸ
1321 833 1463 913 μέγα
1489 833 1585 893 καὶ
1610 831 1673 892 τὸ
1701 830 1891 912 μικρὸν
1942 820 2075 890 εἶναι
2103 827 2293 909 ἀρχὰς,
2319 831 2398 895 ὡς

427 949 474 1006 δ’
504 950 791 1021 οὗσίαν,τὸ
815 950 939 1013 ἔν...
963 952 1110 1009 Met.
1136 956 1189 1027 1,
1220 953 1282 1024 6,
1316 971 1378 1028 p.
1410 951 1572 1021 848;
1616 963 1676 1008 et
1704 947 1882 1027 paulo
1909 947 2060 1006 infra
2084 966 2100 1005 τ
2124 944 2217 1005 καὶ
2257 944 2395 1016 τίςὴ

425 1059 527 1134 ὕλη
554 1066 589 1134 ἡ
615 1063 941 1142 ὑποκειμένη
956 1109 977 1136 ,
1007 1066 1127 1125 καθ’
1152 1055 1218 1144 ᾗς
1242 1063 1313 1122 τὰ
1340 1061 1474 1138 εἴδη,
1501 1063 1571 1123 τὰ
1592 1064 1690 1141 μὲν
1711 1062 1922 1122 ἐπὶτῶν
1943 1062 2236 1132 αἰσθητῶν,
2258 1057 2322 1119 τὸ
2348 1058 2395 1116 δ’

425 1172 503 1248 ἓν,
526 1178 581 1235 ἐν
602 1185 713 1243 τοῖς
737 1177 897 1237 εἴδεσι
927 1176 1165 1256 λέγεται,
1186 1176 1271 1238 ὅτι
1293 1176 1429 1250 αὕτη
1461 1176 1590 1244 δυάς
1610 1179 1724 1236 ἐστι
1742 1176 1805 1235 τὸ
1826 1175 1964 1254 μέγα
1985 1172 2076 1234 καὶ
2097 1172 2160 1232 τὸ
2180 1170 2396 1252 μικρόν.

426 1293 583 1350 Ιόἰά.
610 1315 673 1373 p.
711 1298 850 1363 848.
884 1297 958 1373 (¹)
984 1303 1112 1356 Hoc
1157 1298 1369 1356 mirum
1399 1297 1461 1355 in
1489 1296 1730 1355 modum
1761 1293 2083 1353 Aristotelis
2134 1291 2401 1350 testimo-

427 1405 589 1463 nium
612 1406 809 1466 multis
830 1409 1085 1469 Platonis
1105 1410 1248 1469 locis
1269 1409 1644 1468 confirmatur
1666 1429 1733 1468 ac
1755 1407 2170 1467 corroboratur
2192 1426 2208 1463 ε
2245 1407 2399 1465 inter

426 1538 575 1596 quos
591 1521 858 1600 eligimus
884 1518 1057 1583 istum
1086 1526 1447 1604 potissimum
1467 1569 1485 1598 ,
1524 1524 1631 1602 qui
1671 1544 1793 1583 non
1833 1523 2134 1584 sententiae
2171 1534 2396 1580 tantum

424 1634 526 1692 sed
552 1637 727 1695 etiam
764 1638 930 1697 verbi
957 1639 1334 1698 similitudine
1370 1640 1598 1716 insigne
1637 1660 1706 1697 ac
1754 1638 2010 1697 notabile
2035 1650 2156 1697 est:
2200 1639 2249 1695 οἱ
2299 1637 2398 1713 μὲν

425 1746 693 1809 παλαοὶ...
731 1749 929 1822 ταύτην
955 1749 1139 1827 φήμην
1180 1749 1505 1829 παρέδοσαν,
1552 1754 1627 1815 ὡς
1653 1749 1710 1817 ἐξ
1742 1749 1855 1815 ἐνὸς
1896 1748 1993 1826 μὲν
2021 1747 2115 1807 καὶ
2146 1750 2358 1808 πολλῶν
2383 1794 2398 1817 ,

425 1855 593 1916 ὄντων
612 1861 720 1916 τῶν
748 1858 834 1917 ἀεὶ
872 1857 1174 1939 λεγομένων
1209 1851 1365 1934 εἶναι,
1405 1859 1573 1942 πέρας
1593 1860 1651 1919 δὲ
1686 1860 1780 1920 καὶ
1811 1860 2059 1940 ἀπειρίαν
2095 1861 2152 1919 ἐν
2191 1862 2400 1927 ἑαυτοῖς

428 1969 697 2050 ξύμφητον
747 1972 998 2053 ἐχόντων.
1050 1975 1221 2033 Phil.
1255 1976 1370 2046 373
1417 1973 1478 2033 d.
1506 1975 1776 2053 Denique
1802 1975 2060 2046 numeri,
2091 1995 2165 2033 ex
2191 1993 2313 2033 uno
2337 1987 2400 2031 et

426 2085 664 2161 Dyade,
709 2086 870 2163 quod
899 2107 1037 2146 sane
1079 2100 1445 2167 expectatur,
1488 2087 1771 2167 originem
1818 2087 2043 2146 ducunt
2069 2109 2085 2145 ε
2107 2089 2397 2165 γεννῶνται

425 2197 531 2278 γὰρ
559 2204 610 2260 οἱ
638 2201 855 2279 ἀριθμοὶ
882 2206 991 2271 τοῖς
1019 2202 1115 2281 μὲν
1142 2205 1205 2262 ἐκ
1236 2207 1332 2275 τῆς
1357 2208 1451 2263 τοῦ
1480 2203 1663 2263 ἀνίσου
1696 2203 1883 2270 δυάδος
1919 2208 2012 2263 τοῦ
2043 2203 2278 2281 μεγάλω
2303 2203 2399 2262 καὶ

426 2322 642 2397 μικροῦ,
662 2322 742 2398 τῷ
764 2320 812 2378 δ’
836 2321 898 2378 ἐκ
926 2326 1020 2379 τοῦ
1039 2318 1272 2392 πλήθους
1288 2363 1306 2393 ,
1341 2319 1447 2380 ὑπὸ
1466 2322 1566 2391 τῆς
1590 2325 1683 2394 τοῦ
1708 2318 1821 2387 ἐνὸς
1862 2320 1919 2380 δὲ
1945 2319 2124 2386 οὖσίας
2173 2322 2392 2400 ἀμφοῖν·

424 2435 573 2499 Met.
631 2440 794 2510 xlv,
827 2441 876 2507 1,
911 2457 974 2516 p.
1010 2458 1129 2516 970
1164 2436 1242 2496 cf.
1272 2439 1421 2497 Met.
1458 2442 1522 2510 Ι,
1563 2439 1601 2495 6
1623 2479 1641 2510 ,
1677 2456 1738 2518 p.
1775 2434 1915 2505 848.
1958 2435 2132 2512 Quod
2176 2436 2226 2494 si
2265 2435 2390 2494 haec

424 2552 626 2610 omnia
652 2553 715 2611 in
740 2554 953 2612 fascem
980 2555 1377 2632 recollegeris,
1417 2554 1588 2612 nobis
1615 2573 1735 2612 non
1764 2552 2084 2611 concedere
2126 2571 2245 2609 non
2276 2557 2387 2630 po-‘

429 2662 566 2722 teris
600 2663 808 2740 Dyada
842 2684 979 2724 vere
1012 2677 1071 2722 et
1097 2664 1236 2724 κατὰ
1263 2664 1466 2738 νόησιν,
1494 2664 1803 2724 materialis
1836 2663 2111 2744 principii
2143 2663 2295 2722 vices
2332 2663 2394 2720 in

428 2775 724 2835 Platonica
746 2776 1011 2837 doctrina
1033 2776 1368 2837 obtinuisse.
1815 2760 1832 2765 ⁸

504 2895 557 2950 N
560 2910 673 2949 unc
692 2910 831 2950 vero
848 2934 866 2964 ,
891 2905 957 2948 ut
976 2910 1066 2949 res
1077 2890 1275 2968 jubet,
1296 2908 1675 2969 properemus
1690 2888 1996 2947 ostendere
2015 2887 2173 2947 illam
2191 2888 2398 2965 Dyada

430 3003 572 3060 nihil
600 3024 733 3062 cum
759 3004 1005 3082 vulgari,
1029 3017 1132 3063 aut
1156 3024 1287 3062 cum
1316 3004 1664 3065 aristotelica
1687 3003 1926 3061 materia
1952 3022 2261 3061 commune
2289 3002 2397 3060 ha-

429 3116 597 3175 bere:
627 3120 841 3176 etenim
868 3138 985 3176 non
1017 3139 1122 3197 per
1150 3139 1212 3177 se
1237 3140 1382 3192 esse,
1413 3133 1488 3192 et,
1511 3140 1646 3178 cum
1674 3120 1734 3176 in
1766 3139 1828 3177 se
1853 3124 2091 3197 prorsus
2116 3118 2356 3177 substan
2373 3151 2393 3161 ·

432 3230 511 3287 tia
529 3249 647 3287 non
667 3230 762 3302 sit,
780 3228 915 3288 ideo
933 3230 991 3290 vi
1010 3231 1362 3291 substantias
1377 3230 1653 3309 gignendi
1671 3230 1916 3289 omnino
1937 3229 2222 3308 privatam
2244 3247 2389 3287 ωδε.

505 3345 702 3403 Primo
718 3344 863 3405 scias
878 3344 1084 3423 Dyada
1100 3346 1502 3424 incorpoream
1521 3347 1958 3412 etinextensam
1976 3343 2182 3401 luisse:
2204 3361 2398 3417 neque

429 3460 665 3519 tibihoc
688 3461 1015 3540 approbare
1035 3462 1204 3520 multi
1230 3462 1446 3540 negotii
1473 3474 1579 3521 est.
1595 3461 1823 3520 Scilicet
1849 3461 2249 3537 incorpoream
2276 3475 2400 3516 eme

429 3578 593 3637 hicce
607 3563 931 3639 Aristotelis
943 3579 1108 3639 locus
1125 3578 1296 3639 fidem
1318 3577 1453 3640 facit
1470 3598 1486 3638 ε
1502 3579 1579 3638 Oi
1605 3576 1703 3654 μὲν
1723 3577 1828 3659 γὰρ
1846 3577 1921 3645 ὣς
1951 3574 2083 3648 ὅλην
2101 3573 2200 3649 τὴν
2225 3572 2403 3655 ἀρχὴν

493 3856 680 3925 (1)(Ζὲ.
708 3857 880 3924 Phys.
914 3858 1017 3925 111,
1036 3862 1085 3922 ⁴.-
1120 3874 1175 3924 p.
1210 3858 1329 3909 ³43.
1367 3866 1427 3912 Τὸ
1447 3866 1607 3926 μεντοι
1625 3864 1813 3930 «ξηαρον
1831 3862 1912 3910 καὶ
1941 3863 1990 3911 ὃν
2019 3867 2113 3915 τοὶς
2145 3858 2398 3918 nicomas,

432 3948 510 3993 καὶ
534 3949 584 3994 1»
608 3948 791 4002 intime
814 3942 937 4008 [ταῖς
960 3943 1114 4009 ἰδέαις]
1136 3946 1267 3996 ‹lwtt-
