3094 4963
1391 494 1430 545 ’1

414 617 721 694 attingant,
739 635 934 675 nonne
951 618 1345 681 confitendum
1372 629 1459 676 est
1476 619 1695 677 nullam
1721 632 2076 699 spectantem
2101 622 2179 697 ad
2203 623 2394 702 prima

420 733 704 813 principia
746 736 1124 813 quaestionem
1159 738 1374 795 Timaeo
1400 736 1596 796 dirimi
1636 760 1702 799 ac
1738 742 1910 818 plane
1944 741 2135 809 decidi
2173 744 2391 820 posse?

418 857 534 911 Nec
557 854 615 910 in
644 853 772 931 ipso
792 855 1006 913 Timaeo
1017 899 1035 929 ‚
1057 854 1159 912 ubi
1185 855 1411 932 physici
1432 876 1740 934 personam
1768 859 1996 933 induit,
2025 861 2192 923 aliter
2211 863 2392 923 sensit

420 970 494 1028 de
539 970 910 1048 physicorum
952 970 1160 1030 studiis
1200 970 1586 1050 philosophus
1628 988 1824 1035 noster
1848 996 1860 1032 ε
1909 977 2004 1037 hic
2041 979 2198 1039 enim
2238 977 2393 1039 haud

421 1089 592 1145 semel
619 1088 831 1146 fatetur
861 1088 942 1146 nil
969 1089 1111 1147 certi
1135 1089 1274 1146 tales
1298 1088 1769 1167 investigationes
1795 1091 2036 1165 habere,
2063 1106 2123 1152 et
2153 1087 2391 1153 emnem

414 1206 701 1283 ejusmodi
747 1176 1297 1286 contemplationem
1341 1208 1547 1267 ludum
1586 1228 1931 1288 nuncupare
1969 1230 2092 1268 non
2121 1209 2350 1270 dubitat
2375 1237 2388 1251 ·

419 1327 544 1383 ὅταν
572 1349 672 1400 τις,
713 1324 1061 1394 ἀναπαύσεως
1104 1326 1263 1385 ἕνεκα
1289 1323 1409 1393 τοὺς
1432 1325 1557 1407 περὶ
1584 1330 1691 1385 τῶν
1723 1328 1889 1386 ὄντων
1935 1327 2018 1387 ἀεὶ
2045 1328 2396 1407 καταθέμενος

417 1438 604 1519 λόγους
628 1485 644 1515 ,
695 1439 813 1508 τοὺς
860 1440 1110 1519 γενέσεως
1145 1439 1270 1520 πέρι
1305 1439 1658 1518 διαθεώμενος
1684 1442 1893 1509 εἰκότας
1916 1484 1936 1515 ,
1988 1444 2390 1522 ἀμεταμέλητον

417 1557 615 1630 ἡδονὴν
632 1568 844 1635 κτᾶται,
867 1559 1080 1640 μέτριον
1110 1559 1174 1618 ἂν
1201 1562 1256 1618 ἐν
1283 1563 1362 1639 τῷ
1390 1559 1493 1640 βίῳ
1519 1561 1739 1621 παιδιὰν
1771 1559 1864 1621 καὶ
1887 1561 2142 1642 φρόνιμον
2169 1566 2395 1622 ποιοῖτο.

432 1676 636 1733 Timoe.
677 1676 844 1734 1066.
873 1696 925 1734 c.
966 1675 1152 1752 Igitur
1180 1673 1244 1731 in
1271 1673 1384 1731 hoc
1410 1673 1566 1731 libro
1585 1692 1659 1732 ea
1687 1694 1817 1751 quae
1842 1676 2073 1733 Platoni
2102 1676 2393 1735 verisimi—

416 1790 494 1846 lia
519 1788 627 1868 (1),
659 1809 780 1848 non
809 1809 943 1865 quae
967 1807 1108 1846 vera
1136 1780 1263 1846 ‘visa
1288 1801 1428 1846 sunt
1449 1829 1467 1860 ,
1497 1786 1786 1848 invenias.
1818 1789 1930 1849 Sed
1958 1790 2081 1848 haec
2107 1791 2395 1850 verisimi-

418 1905 497 1961 lia
510 1925 629 1965 non
654 1917 857 1963 contra
872 1923 972 1963 eos
992 1922 1254 1982 pugnare
1279 1904 1381 1980 qui
1400 1908 1594 1962 Deum
1618 1905 1873 1965 Platonis
1889 1916 2210 1967 creatorem
2240 1906 2382 1966 exis-

422 2020 602 2079 timan
612 2033 651 2095 t,
673 2020 795 2098 jam
822 2020 992 2080 nobis
1009 2018 1549 2080 demonstrandum.

504 2138 650 2210 Qnae
674 2138 784 2195 tria
811 2156 1024 2215 genera
1052 2156 1247 2196 rerum
1283 2135 1619 2214 accipienda
1647 2149 1810 2207 sunt,
1839 2136 1963 2194 liaec
2002 2137 2084 2195 ita
2109 2137 2172 2195 in
2197 2136 2395 2196 Timeo

421 2249 747 2308 summatim
763 2249 1201 2309 describuntur.=
1219 2252 1272 2308 ἐν
1289 2250 1428 2307 δὀῧν
1444 2242 1522 2328 τῷ
1534 2238 1761 2327 παρόντι
1776 2237 2029 2330 χρὴργἑνη
2051 2252 2392 2322 διανοηθῆναι

420 2364 608 2442 τριτταί
625 2383 640 2398 ·
665 2365 726 2424 τὸ
742 2364 839 2443 μὲν
855 2349 1185 2444 γιγνόμενον,
1197 2366 1260 2425 τὸ
1271 2360 1374 2424 δ’ἐν
1389 2354 1435 2445 ᾧ
1452 2361 1782 2446 γίγνεται,τὸ
1793 2363 1959 2424 δ’ὅθεν
1978 2364 2392 2443 ἄφομοιούμενον

420 2480 604 2560 φύεται
622 2479 685 2541 τὸ
706 2481 1013 2562 γιγνόμενον
1037 2507 1052 2521 ·
1076 2481 1169 2543 καὶ
1186 2481 1253 2555 δὴ
1281 2480 1375 2543 καὶ
1394 2479 1749 2562 προσεικάσαι
1788 2478 2005 2560 πρέπει,
2033 2476 2096 2540 τὸ
2116 2478 2214 2557 μὲν
2235 2475 2396 2560 δεχό-

423 2618 599 2671 μενον,
630 2597 815 2676 μητρὶ,
830 2597 892 2656 τὸ
910 2597 1095 2670 δ’ὅθεν,
1117 2596 1303 2677 πατρὶ,
1331 2595 1428 2667 τὴν
1443 2594 1501 2654 δε
1524 2594 1725 2674 μεταξὺ
1746 2594 1947 2656 τούτων
1971 2593 2152 2675 φύσιν,
2174 2592 2398 2673 *indugr-

428 2710 597 2770 1060.
618 2709 680 2770 b.
708 2708 1038 2768 Secundum
1064 2726 1268 2785 genus,
1290 2706 1354 2765 τὸ
1369 2707 1472 2765 δ’ἐν
1496 2698 1564 2786 ᾧ,
1587 2708 1685 2765 illa
1706 2721 1815 2781 est,
1830 2728 1963 2785 quae
1985 2710 2162 2786 vulgo
2185 2707 2392 2781 fertur,

420 2798 716 2881 Platonica
747 2824 1006 2882 materia.
1050 2821 1161 2880 Sed
1198 2819 1374 2897 hujus
1414 2830 1685 2877 naturam
1712 2829 1772 2877 et
1795 2819 2082 2878 rationem
2114 2838 2229 2875 non
2256 2818 2392 2876 satis

388 2963 393 2968 ·
422 2936 724 3014 diligenter
765 2935 1127 3014 perspexisse
1172 2949 1274 2993 eos
1313 2932 1688 3006 arbitramur,
1717 2934 1821 3009 qui
1863 2951 1992 2990 eam
2031 2929 2391 2990 aristotelica

421 3050 674 3108 materiae
713 3049 957 3108 similem
1008 3049 1228 3107 faciunt
1254 3090 1271 3120 ,
1339 3059 1721 3123 asseruntque
1769 3045 1921 3104 hane
1971 3044 2178 3126 μητέρα
2231 3047 2395 3102 omni

426 3162 645 3219 mundo
687 3160 898 3221 visibili
938 3161 1103 3237 quasi
1150 3159 1445 3238 gravidam
1483 3171 1544 3217 et
1579 3159 1776 3216 foetam
1818 3158 2013 3232 fuisse,
2044 3171 2104 3216 et
2139 3178 2214 3217 ex
2239 3159 2399 3218 illius

418 3274 641 3351 gremio
671 3284 879 3333 cuncta
924 3276 1112 3330 Deum
1157 3271 1424 3330 eduxisse
1450 3269 1558 3350 (ο).
1599 3273 1765 3328 Hanc
1807 3281 1996 3328 autem
2046 3270 2191 3329 nihil
2235 3271 2391 3330 ali'ud

485 3519 560 3585 (Ι)
597 3517 740 3568 Plato
760 3519 814 3567 in
835 3516 1031 3568 Timaeo
1052 3516 1282 3577 dictitat,
1307 3530 1366 3564 ea
1385 3529 1497 3580 quae
1515 3509 1723 3562 disserit
1761 3511 2125 3562 tantummodo
2147 3511 2390 3562 verisimi-

421 3604 484 3651 lia
508 3617 613 3651 esse
634 3638 649 3662 ,
677 3611 830 3666 atque
855 3601 930 3652 sio
951 3597 1186 3650 habenda
1210 3617 1223 3647 :
1249 3604 1358 3668 περὶ
1377 3600 1550 3651 τοῦτ-ων
1566 3602 1644 3649 τὸν
1670 3602 1823 3648 εἰκότα
1843 3602 1989 3662 μῦθον
2012 3599 2370 3662 ἀποδεχομένους
2388 3633 2402 3657 ,

418 3695 580 3757 πρέπει
591 3688 733 3752 μηδὲν
750 3692 817 3738 ἔτι
833 3693 954 3757 πέρα
970 3694 1136 3747 ζητεῖν.
1152 3684 1281 3733 4047
1297 3681 1352 3732 d.
1365 3679 1445 3733 Cf.
1464 3679 1612 3730 ¹047.
1628 3695 1675 3744 c,
1694 3679 1845 3730 ⁴056.
1869 3679 1920 3745 b,
1939 3678 2089 3734 1059.
2110 3696 2156 3742 ει,
2173 3681 2327 3731 1062.
2344 3698 2391 3730 c.
2446 3675 2451 3680 ’

424 3770 571 3819 1066.
596 3785 644 3826 ο,
672 3767 818 3819 1075.
847 3764 900 3818 b.

487 3870 562 3936 (2)
578 3868 875 3921 Chalcidius
896 3885 1070 3920 eornm
1085 3865 1182 3918 sibi
1207 3865 1402 3934 placere
1419 3866 1721 3916 sententiam
1738 3865 2010 3933 profitetur
2032 3867 2119 3933 qui
2128 3875 2359 3916 statuant
2382 3903 2393 3911 .

430 3957 620 4007 «Juxta
657 3957 884 4009 Platonis
928 3967 1170 4017 mentem,
1207 3952 1359 4005 fuisse
1384 3968 1576 4019 semper
1608 3963 1713 4010 tam
1756 3953 1938 4007 animm
1971 3969 2125 4021 quam
2158 3952 2386 4017 corporis
