3094 4963
1708 475 1779 530 12

748 601 993 680 οὐδεμίαν
1014 602 1140 663 ποτὲ
1165 601 1331 662 οὐδενὶ
1359 605 1462 660 τῶν
1486 599 1754 662 εἰσιόντων
1776 599 1961 679 ὁμοίαν
1994 598 2203 679 εἴληφεν
2227 600 2434 677 οὐδαμῆ
2458 601 2724 678 οὐδαμῶς·

747 709 1028 790 ἐκμαγεῖον
1059 710 1162 789 γὰρ
1189 708 1341 790 φύσει
1368 707 1526 766 παντὶ
1556 712 1758 782 κεῖται,
1798 706 2097 784 κινούμενόν
2134 730 2190 766 τε
2228 710 2318 766 καὶ
2359 710 2723 789 διασχηματι-

745 820 961 897 ζόμενον
983 822 1084 882 ὑπὸ
1111 826 1211 881 τῶν
1236 820 1543 881 εἰσιόντων..
1560 865 1572 878 .
1590 822 1695 879 τῶν
1723 818 2136 881 ἐπεισιόντων...
2169 821 2349 879 Timae
2379 804 2546 879 1060.
2575 820 2637 878 b.
2665 841 2719 881 e.

746 937 961 995 Omnes
997 955 1307 1014 corporum
1339 935 1557 1012 species
1597 935 1857 1011 suscipit,
1911 934 2034 1010 ipsa
2061 933 2231 1012 plane
2271 934 2588 992 formarum
2623 954 2726 992 va·-

746 1070 876 1123 cua,
930 1071 1076 1127 quas
1118 1050 1351 1108 aliunde
1381 1062 1678 1127 receptura
1728 1061 1852 1108 est:
1885 1047 2122 1127 ἄμορφον
2145 1046 2200 1107 ὂν
2239 1047 2453 1107 ἐκείνων
2503 1050 2724 1108 ἁπασῶν

745 1167 848 1221 τῶν
880 1164 1050 1243 ἰδεῶν,
1071 1164 1195 1230 ὅσας
1221 1165 1402 1242 μέλλει
1427 1163 1671 1244 δέχεσθαι
1695 1162 1871 1222 ποθέν.
1910 1165 1959 1220 Τ
1958 1163 2086 1222 imoe
2119 1164 2289 1222 1060.
2323 1184 2372 1221 c.

824 1299 873 1351 N
879 1313 990 1351 unc
1010 1294 1242 1352 abunde
1262 1294 1714 1353 demonstratum
1731 1305 2002 1372 putamus
2025 1291 2167 1349 illud
2181 1292 2377 1350 Timaei
2398 1302 2725 1369 receptacu-

746 1409 866 1465 lum
898 1428 1018 1466 non
1046 1428 1167 1467 esse
1193 1409 1511 1480 materiam,
1535 1408 1761 1484 qualem
1794 1407 1976 1491 Ionici
2000 1408 2090 1464 vel
2113 1405 2475 1484 Peripatetici
2511 1406 2723 1464 intelli—

746 1533 909 1598 gunt;
940 1522 1082 1578 nihil
1133 1540 1204 1578 ex
1258 1520 1357 1578 illo
1410 1520 1589 1597 gigni,
1634 1531 1692 1576 et
1720 1519 1855 1578 ideo
1888 1538 1994 1576 nos
2021 1539 2151 1576 cum
2181 1518 2481 1577 Aristotele
2508 1539 2719 1596 negare

748 1661 915 1722 posse
935 1643 1089 1701 istud
1117 1642 1374 1722 πανδεχὲς
1399 1661 1506 1719 pro
1530 1659 1720 1727 rerum
1753 1640 2040 1719 principio
2066 1659 2187 1698 esse
2216 1638 2570 1698 ducendum.

828 1762 936 1819 Hic
965 1734 1202 1838 quidem
1221 1758 1559 1819 indefinitus
1573 1760 1731 1817 locus
1750 1759 1809 1827 in
1843 1759 2055 1816 Timaeo
2078 1757 2324 1815 habetur
2345 1768 2592 1815 aeternus
2610 1756 2718 1836 (1);

748 1873 848 1931 sed
867 1872 1033 1931 istam
1059 1871 1434 1929 aeternitatem
1457 1871 1611 1927 inter
1636 1882 1694 1927 et
1712 1869 1964 1928 materiae
1991 1887 2122 1946 quae
2141 1871 2316 1946 vulgo
2344 1869 2523 1927 fertur
2551 1881 2721 1926 aeter-

751 1984 984 2042 nitatem
1016 1994 1298 2059 quantum
1342 1982 1587 2057 intersit,
1618 1982 1748 2058 quis
1773 1995 1861 2040 est
1887 1983 1988 2059 qui
2015 2002 2132 2040 non
2174 1983 2499 2059 intelligat?
2523 1986 2717 2057 Quum
2787 2013 2792 2018 ·

749 2098 1000 2175 spatium
1032 2117 1279 2154 vacuum
1304 2097 1528 2154 nullum
1551 2115 1746 2155 semen
1768 2098 1826 2154 in
1855 2115 1915 2155 se
1944 2097 2250 2172 contineat,
2269 2095 2414 2153 nihil
2437 2069 2591 2155 exse
2616 2114 2722 2153 ex-

750 2221 1000 2286 promat,
1033 2208 1328 2267 fatendum
1370 2227 1609 2287 prorsus
1634 2227 2015 2285 quaecumque
2051 2208 2134 2266 illi
2156 2208 2568 2291 attribuantur,
2598 2228 2717 2266 non

748 2322 879 2382 ideo
897 2322 972 2383 de
990 2323 1211 2382 mundo
1229 2323 1500 2395 sensibili,
1530 2324 1622 2382 'vel
1651 2323 1854 2381 mundi
1883 2323 2178 2381 elementis
2197 2336 2257 2380 et
2275 2321 2561 2400 principio
2583 2343 2714 2380 ma-

753 2437 933 2496 teriali
961 2439 1277 2516 praedicari.
1314 2438 1419 2497 Hic
1455 2438 1691 2515 quidem
1721 2437 1865 2497 illud
1897 2438 2153 2497 animum
2182 2437 2360 2511 subit,
2393 2456 2602 2515 nempe
2639 2458 2713 2495 an

751 2553 863 2610 hoc
898 2572 1117 2629 genus,
1160 2552 1320 2628 quod
1371 2553 1433 2609 in
1474 2552 1736 2610 idearum
1767 2552 2028 2610 doctrina
2052 2554 2305 2611 materiae
2331 2564 2523 2631 partes
2550 2555 2720 2631 gerit,

753 2680 1057 2739 aeternum,
1096 2686 1128 2726 e
1160 2679 1348 2725 mente
1374 2667 1666 2742 Platonis,
1701 2667 1893 2725 fuerit.
1941 2671 2108 2750 Hanc
2149 2668 2554 2744 quaestionem,
2595 2687 2725 2744 quae

755 2782 1002 2841 difficilis
1020 2783 1334 2842 admodum
1359 2793 1415 2840 et
1436 2784 1611 2842 anxia
1630 2796 1738 2853 est,
1764 2783 2004 2841 ulterius
2028 2803 2092 2840 ac
2114 2784 2512 2861 tempestivius
2529 2785 2729 2860 paucis

769 2897 1162 2957 tractabimus.

841 3030 1027 3098 Nunc,
1057 3037 1364 3102 antequam
1386 3025 1614 3103 longius
1640 3024 2041 3104 procedamus,
2073 3026 2241 3085 nobis
2261 3028 2528 3105 protinus
2552 3045 2730 3084 excu-

759 3143 951 3202 tienda
965 3156 1022 3202 et
1044 3143 1355 3229 evertenda
1371 3155 1505 3202 sunt
1521 3142 1784 3219 quaedam
1809 3144 1916 3201 alia
1934 3156 2287 3220 argumenta,
2308 3164 2438 3220 quae
2455 3144 2727 3201 adversus

759 3277 909 3329 eam,
937 3277 1111 3334 quam
1150 3268 1426 3327 tutamur,
1458 3257 1793 3334 opinionem
1823 3276 1856 3314 e
1877 3259 2097 3315 caeteris
2115 3258 2310 3316 Timaei
2341 3257 2601 3337 partibus
2622 3257 2730 3315 de-

761 3384 991 3449 sumpta
1018 3383 1174 3447 sunt,
1220 3384 1277 3428 et
1307 3370 1463 3429 unde
1491 3389 1649 3428 arma
1678 3368 1786 3426 sibi
1816 3370 1875 3426 in
1908 3389 2006 3429 nos
2045 3372 2352 3431 adversarii
2383 3371 2564 3430 nostri
2592 3391 2730 3430 sane

764 3487 1032 3546 facerent.

844 3605 912 3658 In
938 3603 1136 3679 primis
1159 3600 1431 3678 objicitur
1458 3602 1827 3679 pervulgatus
1854 3600 1947 3659 ille
1973 3602 2133 3660 locus
2167 3621 2179 3657 :
2212 3606 2240 3660 ὃ
2272 3599 2445 3666 θεὸς...
2481 3587 2586 3659 τεᾶν
2610 3597 2730 3658 ὅσον

834 3868 909 3935 (1)
945 3877 1104 3937 Τρίτον
1136 3871 1181 3920 δὲ
1206 3868 1262 3920 αὖ
1304 3877 1424 3933 γένος
1461 3874 1511 3920 ὃν
1551 3874 1605 3921 τὸ
1641 3878 1719 3928 τῆς
1752 3879 1905 3938 χώρας
1941 3876 2010 3921 ἀεὶ
2043 3875 2211 3938 φθορὰν
2248 3871 2296 3916 οὐ
2337 3868 2721 3932 προσδεχόμενον.

774 3953 918 4002 4061.
944 3969 989 4000 c.
