3094 4963
1323 464 1394 513 47

361 596 394 662 ἡ
426 597 515 650 τοῦ
545 588 740 668 ἀγαθοῦ
767 588 879 646 ἰδέα
909 587 998 646 καὶ
1024 587 1173 664 μόγις
1203 590 1420 663 ὁρᾶσθαι
1445 610 1454 620 ·
1480 590 1693 665 ὀφθεῖσα
1720 587 1795 653 δὲ,
1830 587 2175 663 συλλογιστέα
2203 580 2335 648 εἶναι

358 708 427 769 ὡς
460 703 563 782 ἄρα
591 712 724 760 πᾶσι
753 703 966 761 πάντων
998 699 1132 769 αὕτη
1163 704 1330 777 ὀρθῶν
1358 723 1413 756 τε
1445 699 1537 756 καὶ
1568 701 1745 756 καλῶν
1776 700 1953 774 αἰτία,
1973 701 2028 758 ἔν
2057 725 2112 760 τε
2162 707 2367 783 ὁρατῷ·

355 821 464 896 φῶς
492 817 581 876 καὶ
605 819 693 878 τὸν
716 817 900 878 τούτου
923 817 1099 896 κύριον
1123 824 1377 889 τεκοῦσα,
1409 815 1523 875 ἔντε
1543 820 1621 897 τῷ
1645 820 1817 895 νοητῷ
1834 861 1850 890 ,
1881 816 2013 889 αὕτη
2034 816 2189 898 κυρία
2209 817 2336 889 ἀλή,

355 945 497 997 θειαν
531 937 624 996 καὶ
651 946 767 999 νοῦν
789 937 1198 1019 παρασχομένη.
1229 939 1320 996 De
1339 939 1481 1014 Rep.
1507 941 1611 1007 VI,
1638 937 1780 1012 694.
1804 956 1861 1000 e.
1887 933 2096 1006 Νόησον
2116 933 2331 995 τοίνυν..

356 1050 448 1111 δύο
483 1052 623 1112 αὐτὼ
661 1045 817 1129 εἶναι,
866 1053 957 1112 καὶ
1007 1053 1302 1132 βασιλεύειν
1332 1051 1396 1112 τὸ
1438 1052 1570 1130 μὲν,
1593 1054 1780 1125 νοητοῦ
1807 1051 1989 1129 γένους
2027 1049 2119 1109 καὶ
2145 1050 2339 1109 τόπου,

356 1168 418 1228 τὸ
447 1159 561 1227 δἀῧ
589 1175 798 1250 ὁρατοῦ.
832 1173 924 1230 De
945 1173 1092 1248 Rep.
1125 1176 1197 1247 V,
1226 1132 1366 1229 6⁸88.
1399 1192 1460 1237 a2

439 1281 582 1342 Non
612 1283 787 1340 modo
807 1284 958 1369 inter
986 1264 1188 1342 omnes
1212 1283 1370 1340 ideas
1399 1287 1623 1340 Bonum
1654 1282 1870 1341 eminet
1890 1302 1957 1341 ac
1982 1280 2338 1350 dominatur,

360 1393 464 1451 sed
513 1396 684 1452 etiam
727 1396 839 1454 illae
864 1415 897 1452 e
923 1398 1090 1453 Bono
1132 1395 1372 1453 omnino
1391 1394 1668 1473 pendent,
1699 1395 1761 1452 in
1784 1415 1905 1473 quo
1934 1413 2209 1473 supremo
2238 1414 2336 1472 ge-

366 1526 506 1566 nere
532 1551 548 1581 ,
580 1516 673 1569 τοῦ
727 1498 861 1568 εἶναι
916 1510 1268 1587 principium
1298 1521 1356 1567 et
1399 1510 1564 1587 quasi
1613 1509 2055 1569 fundamentum
2102 1510 2342 1569 habent.

359 1629 488 1683 Hoc
535 1626 771 1703 quidem
808 1639 966 1705 patet
1004 1646 1076 1685 ex
1104 1627 1216 1686 illis
1241 1646 1374 1704 quae
1402 1627 1506 1701 (in
1556 1639 1721 1685 sexto
1745 1626 1819 1684 de
1844 1626 2089 1704 Republ.
2122 1626 2290 1686 libro.
2325 1627 2341 1702 J,

362 1739 435 1797 de
474 1739 770 1799 dialectica
814 1740 1217 1818 disquisitione
1262 1759 1393 1797 cum
1443 1738 1789 1817 geometrica
1837 1751 2168 1816 comparata
2224 1739 2343 1798 dis-

363 1872 656 1919 seruntur.
701 1859 902 1938 Ipsum
924 1860 1079 1918 enim
1102 1863 1355 1929 Bonum,
1389 1856 1656 1935 princeps
1680 1855 1825 1913 illud
1852 1868 1938 1915 est
1978 1876 2186 1934 genus,
2217 1876 2337 1915 non

365 1977 754 2056 suppositum,
803 1997 877 2037 ex
923 1997 1042 2055 quo
1089 1995 1302 2055 genera
1345 1975 1456 2033 alia
1499 1972 1645 2032 adeo
1667 1972 1949 2052 pendent,
1980 1986 2065 2047 ut,
2085 1973 2188 2032 illo
2208 1974 2341 2032 sub·

365 2091 505 2161 lato,
559 2089 858 2166 quomodo
887 2089 1004 2148 sint
1031 2088 1179 2147 ratio
1216 2087 1387 2172 'reddi
1417 2106 1539 2145 non
1565 2087 1765 2165 possit.
1813 2084 1884 2145 ‘O
1910 2085 2124 2165 λόγος...
2150 2091 2220 2166 τῇ
2248 2093 2343 2146 τοῦ

368 2203 705 2282 διαλέγεσθαι
729 2202 946 2282 δυνάμει
973 2203 1070 2273 τὰς
1095 2203 1366 2271 ὑποθέσεις
1392 2202 1733 2280 ποιούμενος,
1759 2206 1857 2260 οὐκ
1884 2202 2073 2284 ἀρχὰς,
2103 2202 2241 2263 ἀλλὰ
2267 2207 2345 2283 τῷ
2373 2211 2383 2221 ’

367 2319 479 2379 ὄντι
507 2316 794 2388 ὕποθέσεις,
822 2308 929 2380 οἷον
952 2318 1226 2386 ἐπιόάσεις
1252 2340 1310 2376 τε
1355 2316 1446 2376 καὶ
1469 2315 1638 2397 ὁρμάς
1662 2336 1673 2350 ·
1717 2314 1806 2374 ἵνα
1832 2316 1993 2396 μέχρι
2021 2321 2112 2375 τοῦ
2139 2318 2344 2376 ἀνυπο-

369 2427 518 2489 θέτου
545 2427 635 2489 ἐπὶ
682 2428 779 2501 τὴν
811 2433 905 2487 τοῦ
931 2427 1131 2496 παντὸς
1154 2427 1327 2509 ἀρχὴν
1356 2426 1449 2489 ἰὼν
1473 2468 1491 2498 ,
1556 2425 1826 2509 ἁψάμενος
1859 2426 2020 2499 αὐτῆς
2038 2470 2058 2503 ,
2086 2425 2249 2487 πάλιν
2279 2419 2346 2487 αὖ

369 2543 618 2624 ἐχόμενος
656 2548 764 2604 τῶν
801 2543 1004 2618 ἐκείνης
1047 2544 1315 2625 ἐχομένων
1332 2588 1351 2616 ,
1390 2543 1555 2612 οὕτως
1594 2543 1683 2604 ἐπὶ
1720 2541 1969 2614 τελευτὴν
2010 2541 2310 2622 καταὸαίνῃ
2329 2589 2344 2615 ,

372 2659 607 2737 αἰσθητῷ
632 2656 972 2718 παντάπασιν
1000 2658 1167 2718 οὐδενὶ
1196 2656 1643 2740 προσχρώμενος,
1673 2656 1793 2716 ἀλλ’
1822 2655 2019 2716 εἴδεσιν
2070 2638 2244 2725 αὐτοῖς
2271 2658 2345 2715 δι’

373 2770 546 2828 αὐτῶν
575 2770 648 2835 εἷς
666 2769 823 2841 αὐτὰ,
847 2771 938 2830 καὶ
960 2773 1183 2852 τελευτᾷ
1210 2774 1282 2837 εἷς
1311 2770 1445 2843 εἴδη.
1472 2790 1536 2848 p.
1564 2770 1705 2845 689.
1723 2790 1759 2828 a
1782 2769 1867 2849 (1)

451 2887 643 2958 Quum
664 2883 1045 2961 intelligibilia
1071 2885 1269 2943 omnia
1293 2904 1366 2943 ex
1390 2902 1506 2942 una
1527 2882 1657 2941 idea
1673 2882 1926 2961 pendere
1938 2880 2059 2959 jam
2085 2882 2159 2942 sit
2175 2902 2347 2943 cons-

375 2999 635 3072 titutum,
664 3020 859 3060 nonne
886 3001 1187 3061 fatendum
1214 3002 1314 3061 ina
1338 3002 1403 3061 in
1428 2974 1715 3079 ejnsmodi
1745 3000 2035 3080 principio
2055 3000 2347 3079 quodam-

375 3110 552 3169 modo
595 3112 884 3176 contineri
925 3124 984 3169 et
1029 3132 1104 3169 ex
1144 3113 1245 3171 illo
1271 3114 1505 3173 evolvi?
1541 3113 1768 3172 Idcirco
1787 3113 1952 3171 Plato
1990 3113 2137 3170 Boni
2168 3111 2351 3190 ipsius

370 3222 583 3295 ideam,
610 3222 1153 3302 principium'quasi
1181 3225 1454 3310 princeps
1477 3224 1742 3283 nominat
1762 3247 1778 3284 z
1803 3226 1837 3294 ἡ
1860 3220 2164 3297 διαλεκτικὴ
2188 3222 2349 3302 μέθο-

373 3337 639 3408 δος...τὰς
660 3339 953 3408 ὑποθέσεις·
981 3342 1267 3422 ἀναιροῦσα
1305 3342 1390 3401 ἐπ’
1426 3340 1591 3415 αὐτὴν
1628 3339 1726 3415 τὴν
1764 3340 1959 3423 ἀρχὴν.
1995 3349 2133 3432 7o4.
2168 3360 2220 3400 e.
2252 3339 2348 3412 τὴν

373 3457 466 3513 τοῦ
488 3453 686 3522 παντὸς
719 3453 913 3533 ἀρχὴν.
954 3457 1095 3532 689.
1137 3477 1193 3528 a3
1243 3476 1374 3533 quae
1419 3456 1655 3534 quidem
1694 3457 1874 3517 verba
1918 3456 2247 3535 significant
2276 3474 2372 3513 ey·

373 3571 537 3625 Bono
577 3566 794 3639 omnia,
850 3568 1028 3628 veluti
1066 3586 1100 3627 e
1141 3567 1303 3628 fonte
1344 3569 1623 3646 quodam,
1666 3588 1919 3630 manare.
1968 3568 2141 3629 Unde
2175 3569 2240 3627 fit
2287 3580 2353 3628 ut

437 3732 482 3799 (l
496 3729 514 3797 )
529 3729 610 3781 Cf.
631 3732 728 3781 688
747 3748 794 3781 c.
819 3740 880 3786 Τὸ
899 3731 942 3784 δ’
962 3735 1019 3785 αὖ
1036 3739 1191 3802 ἕτερον
1209 3742 1262 3787 τὸ
1282 3735 1361 3789 ἐπ’
1377 3744 1527 3803 ἀρχὴν
1545 3744 1838 3796 ἀνυπόθετον,
1865 3742 1915 3797 ἐξ
1936 3739 2185 3792 ὑποθέσεως
2204 3741 2349 3794 Ιοῦσα,

374 3819 451 3866 καὶ
466 3822 571 3867 ἄνευ
600 3826 690 3866 τῶν
706 3820 815 3884 περὶ
837 3822 975 3866 ἐκεῖνο
993 3822 1187 3880 εἰκόνων,
1210 3820 1362 3875 αὐτοῖς
1385 3821 1518 3869 εἴδεσι
1551 3813 1597 3869 δι’
1628 3820 1778 3869 αὐτῶν
1812 3825 1893 3875 τὴν
1922 3820 2113 3872 μέθοδον
2137 3822 2351 3879 ποιουμέ-

375 3920 446 3954 νη.
472 3924 532 3935 —
549 3896 631 3945 Cf.
659 3894 752 3946 lib.
773 3896 886 3961 VH,
910 3914 962 3961 p.
987 3898 1106 3947 704.
1133 3914 1181 3950 c.
1219 3905 1245 3957 ἡ
1271 3902 1527 3959 διαλεκτικὴ
1546 3902 1736 3964 μέθοδος
1773 3908 1889 3967 μόνῃ
1920 3902 2065 3967 ταύτῃ
2092 3900 2349 3969 πορεύεται,

337 4056 345 4061 .
378 3986 457 4038 τὰς
474 3983 699 4039 ὑποθέσεις
715 3986 962 4051 ἀναιροῦσα
981 3980 1058 4035 ἐπ’
1082 3986 1222 4043 αὐτὴν
1237 3990 1319 4043 τὴν
1339 3991 1507 4053 ἀρχὴν,
1528 3988 1604 4035 ἵνα
1620 3987 1931 4048 βεὸοιιώσηται
1948 4021 1961 4044 ,
1984 4004 2029 4034 κ.
2053 4003 2094 4034 τ-
2123 3985 2168 4032 λ.
