3094 4963
1286 501 1359 552 13

348 614 413 695 ἧν
461 625 646 705 ὁρατὸν
670 668 685 696 ,
750 622 1079 704 παραλαὸὼν
1097 670 1113 699 ,
1178 626 1276 702 οὐχ
1330 622 1561 703 ἡσυχίαν
1616 624 1744 702 ἄγον
1762 668 1778 692 ,
1838 623 1972 684 ἀλλὰ
2015 624 2320 704 κινούμενον

348 740 682 816 πλημμελῶς
727 736 818 796 καὶ
855 736 1131 807 ἀτάκτως,
1193 739 1266 803 εἷς
1302 734 1463 804 τάξιν
1520 735 1668 796 αὖτὸ’
1702 737 1899 817 ἤγαγεν
1937 740 1997 796 ἐκ
2038 743 2137 811 τῆς
2191 742 2322 798 ἀτα-

349 849 487 922 ξίας,
514 847 851 928 ἡγησάμενος
889 852 1058 937 ἐκεῖνο
1098 846 1286 908 τούτου
1310 849 1522 915 πάντως
1542 849 1778 926 ἄμεινον.
1814 851 2012 939 Τίηιαε,
2068 858 2241 923 1047.
2276 851 2304 906 f
2310 892 2322 904 .

353 961 507 1020 Illud
558 974 770 1020 temere
807 961 1083 1039 agitatum
1137 972 1196 1018 et
1233 962 1624 1039 incomposito
1651 975 1814 1021 motu
1848 963 2082 1021 fluitans
2130 963 2323 1020 multis

349 1076 534 1133 visum
566 1074 823 1134 estnihil
848 1073 1004 1132 aliud
1031 1092 1155 1132 esse
1179 1093 1355 1150 quam
1381 1086 1599 1133 aeterna
1630 1087 1689 1132 et
1710 1093 1817 1152 per
1840 1093 1902 1133 se
1920 1074 2174 1134 existens
2202 1094 2325 1132 ma-

353 1189 507 1246 teria.
533 1188 646 1248 Sed
668 1208 800 1246 cum
824 1188 922 1263 illa
947 1189 1425 1266 interpretatione
1445 1209 1653 1266 pamm
1669 1189 2074 1265 congruuntin
2099 1187 2325 1266 reliquo

349 1284 616 1359 Sermone
643 1302 826 1360 multa
853 1301 1188 1381 philosophi
1214 1301 1464 1360 decreta.
1515 1305 1657 1360 Haec
1683 1301 1968 1379 indigesta
1993 1322 2324 1380 vagansque
2405 1368 2412 1373 ,

351 1418 531 1475 moles
566 1415 677 1475 sub
702 1416 902 1475 oculos
918 1415 1094 1488 cadit,
1147 1415 1423 1493 quoniam
1450 1414 1665 1473 dicitur
1703 1423 1811 1473 πᾶν
1848 1413 1968 1475 ὅσον
1996 1407 2061 1487 ἧν
2089 1414 2277 1494 ὁρατόν
2305 1441 2321 1473 2

350 1529 635 1607 quidquid
663 1542 855 1588 autem
884 1528 995 1588 sub
1017 1529 1216 1587 oculos
1257 1528 1433 1600 cadit,
1459 1540 1799 1607 generatum
1828 1541 1915 1587 est
1931 1571 1948 1602 ,
1974 1548 2040 1587 ac
2067 1547 2330 1589 necessa-

351 1647 438 1704 rio
483 1658 676 1704 ortum
730 1645 943 1704 habet:
973 1644 1161 1724 ὁρατὸς
1206 1643 1311 1723 γὰρ
1361 1644 1526 1710 ἁπτός
1573 1644 1635 1703 τέ
1673 1669 1809 1720 εστι,
1834 1645 1926 1704 καὶ
1967 1647 2125 1722 σῶμα
2167 1646 2330 1725 ἔχων.

349 1758 527 1818 πάντα
571 1757 627 1818 δὲ
666 1757 737 1817 τὰ
778 1733 998 1817 τοιαῦτα
1043 1756 1290 1826 αἰσθητά·
1318 1754 1387 1812 τὰ
1428 1753 1484 1813 δὲ
1530 1754 1762 1826 αἰσθητὰ
1783 1799 1801 1830 ,
1854 1754 1975 1833 δόξῃ
2020 1758 2328 1833 περιληπτὰ

354 1870 489 1949 μετὰ
537 1870 849 1945 αἰσθήσεως,
878 1867 1162 1948 γιγνόμενα
1211 1867 1304 1925 καὶ
1353 1867 1553 1946 γενητὰ
1583 1865 1769 1947 ἐφάνη.
1821 1869 2024 1926 Timae.
2070 1876 2240 1941 1047.
2271 1890 2325 1927 a.
2395 1912 2398 1915 -

352 1988 438 2041 Ex
492 2003 607 2060 quo
655 1980 921 2040 concludi
952 1992 1140 2058 potest
1176 1991 1368 2038 ortum
1390 1977 1661 2057 habuisse
1686 1980 1784 2038 illa
1804 1956 2187 2058 incomposite
2213 1982 2332 2059 agi-

354 2109 469 2163 tata
493 2095 696 2154 mundi
717 2096 1017 2153 elementa.
1056 2098 1185 2152 Huc
1204 2092 1486 2151 succurrit
1507 2092 1669 2169 quod
1700 2092 1891 2167 Plato,
1923 2093 1998 2151 ad
2020 2093 2332 2153 secundam

354 2206 748 2284 cosmologicae
777 2206 1183 2284 disputationis
1205 2217 1426 2283 partem
1448 2224 1807 2282 progressus»,
1836 2207 2140 2283 significat,
2165 2226 2335 2264 nem-

359 2339 430 2397 pe
458 2319 577 2377 duo
597 2316 707 2377 sihi
722 2337 941 2397 genera
967 2336 1161 2376 rerum
1182 2316 1375 2395 primo
1393 2317 1531 2375 satis
1561 2316 1682 2374 visa
1702 2315 1897 2389 fuisse,
1918 2338 2076 2375 nunc
2101 2321 2333 2378 tertium

355 2432 800 2505 admittendum,
833 2431 988 2510 quod
1008 2448 1247 2510 poscere
1273 2430 1423 2489 ratio
1453 2429 1748 2501 videatur,
1769 2428 1882 2488 hoc
1904 2431 2143 2508 quidem
2174 2432 2356 2491 dim--

352 2548 458 2606 cile
482 2560 540 2605 et
567 2546 904 2618 obscurum,
927 2545 989 2602 id
1016 2558 1126 2618 est,
1161 2556 1229 2602 ut
1254 2542 1422 2604 brevi
1451 2542 1833 2620 comperitur,
1873 2547 2333 2623 receptaculum,

352 2665 473 2722 sive
499 2661 695 2721 locum
723 2660 1038 2752 infinitum..
1063 2658 1204 2718 Τότε
1228 2659 1324 2736 μὲν
1371 2659 1476 2739 γὰρ
1518 2659 1611 2720 δύο
1640 2659 1752 2733 εἴδη
1797 2662 2122 2740 διειλόμεθα,
2168 2668 2256 2721 νῦν
2282 2663 2338 2722 δὲ

352 2779 529 2861 τρίτον
546 2778 680 2837 ἄλλο
705 2775 853 2856 γένος
885 2777 1016 2852 ἡμῖν
1049 2772 1335 2846 δηλωτέον.
1363 2776 1414 2833 T
1418 2775 1453 2835 ὰ
1476 2773 1574 2850 μὲν
1592 2774 1698 2855 γὰρ
1735 2775 1824 2853 δύο
1841 2776 1999 2837 ἱκανὰ
2035 2770 2098 2849 ἦν
2121 2779 2209 2838 ἐπὶ
2231 2788 2340 2847 τοῖς

356 2894 651 2973 ἔμπροσθεν
674 2895 959 2971 λεχθεῖσιν·
990 2890 1044 2949 ἓν
1081 2888 1202 2967 μὲν,
1240 2892 1312 2955 ὣς
1340 2886 1773 2970 παραδείγματος
1803 2879 2038 2955 εἷδος....
2072 2892 2337 2969 δεύτερον,

356 3004 559 3077 γένεσιν
580 3001 703 3081 ἔχον
725 3000 817 3060 καὶ
838 2998 1025 3079 ὁρατόν
1040 3022 1052 3035 ·
1068 2997 1243 3079 τρίτον
1266 2996 1321 3057 δὲ
1334 2998 1454 3057 τότε
1477 2997 1575 3076 μὲν
1598 2998 1658 3056 οὗ
1681 2998 2011 3079 διειλόμεθα,
2030 3000 2341 3080 νομίσαντες
2416 2992 2430 3001 ’

357 3117 425 3176 τὰ
447 3117 539 3176 δύο
556 3116 688 3185 ἕξειν
710 3120 920 3184 ἱκανῶς·
948 3122 1036 3175 νῦν
1054 3087 1122 3174 ’δὲ
1148 3120 1177 3174 ὁ
1206 3115 1358 3194 λόγος
1379 3116 1547 3175 ἔοικεν
1576 3116 1973 3195 εἷσαναγκᾶζειν
1992 3116 2228 3197 χαλεπὸν
2251 3118 2343 3177 καὶ

358 3227 590 3309 ἀμυδρὸν
642 3217 776 3296 εἶδος
823 3230 1108 3308 ἐπιχειρεῖν
1160 3225 1334 3304 λόγοις
1368 3225 1678 3307 ἐμφανίσαι.
1739 3229 1791 3285 T
1787 3231 1936 3291 imoe,
1976 3229 2150 3306 1059.
2186 3251 2239 3289 a.
2274 3228 2334 3288 b.

359 3343 464 3400 His
499 3340 691 3401 verbis
733 3341 857 3419 ipse
885 3341 1049 3398 Plato
1074 3339 1245 3398 nobis
1269 3340 1465 3400 innuit
1513 3341 1612 3399 illa
1641 3342 1945 3399 temerario
1976 3355 2117 3401 aestu
2151 3343 2345 3401 conci-

362 3467 478 3513 tata
503 3467 563 3513 et
596 3454 748 3513 visui
785 3452 1072 3529 subjecta,
1122 3451 1195 3511 ad
1237 3451 1555 3510 secundum
1603 3471 1785 3530 genus
1817 3456 2131 3532 pertinere,
2164 3469 2222 3513 et
2269 3475 2343 3514 ex

363 3589 433 3627 eo
465 3567 739 3647 pendere,
769 3564 929 3643 quod
957 3563 1192 3642 quidem
1221 3583 1426 3643 genus,
1479 3578 1544 3623 ut
1593 3584 1829 3625 cernere
1867 3579 1976 3639 est,
2022 3581 2150 3646 eget
2179 3588 2343 3628 crea-

368 3696 514 3753 tote,
546 3679 809 3758 δεύτερον,
833 3677 1034 3756 γένεσιν
1056 3678 1179 3757 ἔχον
1206 3675 1298 3736 καὶ
1323 3677 1534 3756 ὁρατόν.

443 3799 721 3878 Quamvis
749 3799 912 3858 Plato
941 3806 1138 3875 aperte
1166 3815 1231 3853 ac
1252 3794 1546 3873 designate
1575 3796 1848 3873 opinetur
1872 3815 2116 3875 corpora
2141 3811 2199 3856 et
2219 3817 2345 3859 cor-

368 3934 574 3996 porum
600 3915 880 3974 elementa
924 3931 998 3969 ex
1026 3910 1122 3969 ina
1148 3907 1303 3989 χώρᾳ
1348 3927 1466 3969 non
1494 3926 1618 3968 esse
1649 3908 1918 3984 oriunda,
1946 3922 2197 3970 attamen
2224 3911 2346 3972 haec
