3094 4963
1689 465 1757 517 16

742 591 935 655 minus
960 609 1141 668 genus
1163 589 1455 667 quoddam
1484 589 1637 647 entis
1655 600 1741 646 est
1769 587 2076 665 particeps,
2098 607 2167 646 eo
2193 590 2373 667 magis
2392 591 2468 651 ad
2489 605 2719 651 motum

743 719 944 784 aptum
972 716 1074 765 est.
1106 711 1310 782 Itaque
1336 704 1493 784 apud
1518 705 1816 763 Platonem
1841 703 1912 762 de
1935 703 2198 779 plurimis
2227 704 2482 765 motibus
2504 708 2715 786 agitur,

742 839 891 896 quos
917 838 1065 897 aegre
1105 818 1390 897 intelligas
1427 837 1494 876 ac
1535 835 1784 894 quorum
1830 814 2108 875 rationem
2152 816 2431 894 liquidam
2476 820 2719 881 reddere

744 933 914 994 nobis
941 934 1188 995 arduum
1216 935 1308 994 sit.
1343 938 1422 994 Ut
1451 945 1672 991 motum
1702 932 1964 991 divinum
1994 933 2344 1007 omittamus,
2378 935 2449 994 de
2478 956 2597 1013 quo
2626 937 2715 995 di-

742 1050 988 1110 cendum
1032 1051 1183 1109 infra
1224 1049 1292 1130 (§
1315 1048 1423 1127 7.)‚
1470 1049 1633 1107 Plato
1673 1048 1736 1105 in
1763 1047 2177 1126 intelligibilem
2219 1047 2503 1129 mundum
2526 1050 2718 1110 varios

745 1173 952 1236 motus,
981 1160 1324 1233 tarditatem,
1345 1158 1715 1233 celeritatem,
1744 1157 2088 1217 introducit.
2115 1156 2307 1218 Ταῦτα
2336 1158 2434 1236 μὲν
2461 1159 2530 1220 τὰ
2558 1161 2614 1220 ἐν
2637 1163 2716 1240 τῷ

743 1279 951 1358 οὐραγῷ
986 1276 1337 1355 ποικίλματα,
1368 1274 1587 1354 ἐπείπερ
1616 1278 1668 1335 ἐν
1700 1277 1876 1355 ὁρατῷ
1904 1273 2243 1334 πεποίκιλται
2364 1278 2470 1335 τῶν
2494 1274 2549 1334 δὲ
2574 1276 2713 1346 ἀλη-

742 1394 896 1450 θινῶν
918 1389 1051 1451 πολὺ
1070 1392 1254 1464 ἐνδεῖν,
1276 1391 1338 1458 ἃς
1358 1392 1419 1451 τὸ
1436 1391 1493 1450 δν
1514 1391 1679 1469 τὰχος
1702 1388 1793 1449 καὶ
1813 1393 1849 1460 ἡ
1871 1380 2003 1448 οῧσα
2027 1388 2291 1468 βραδυτὴς
2309 1392 2361 1449 ἐν
2386 1393 2463 1470 τῷ
2481 1393 2712 1471 ἀληθινῷ

743 1515 952 1592 ἀριθμῷ
971 1512 1061 1571 καὶ
1083 1521 1216 1571 πᾶσι
1238 1519 1345 1577 τοῖς
1369 1509 1589 1583 ἀληθέσι
1611 1512 1857 1590 σχήμασι
1875 1512 2037 1592 φοράς
2054 1533 2111 1568 τε
2128 1510 2258 1590 πρὸς
2273 1511 2479 1585 ἄλληλα
2498 1513 2714 1593 φέρεται

742 1623 918 1684 καὶτὰ
942 1623 1125 1684 ἐνόντα
1143 1625 1289 1706 φέρει
1309 1647 1320 1659 ·
1361 1624 1395 1683 ἃ
1437 1623 1500 1696 δὴ
1542 1624 1684 1704 λόγῳ
1714 1623 1809 1703 μὲν
1841 1624 1934 1683 καὶ
1963 1623 2168 1706 διανοίᾳ
2208 1624 2408 1700 ληπτὰ,
2432 1625 2547 1707 ὄψει
2577 1627 2708 1687 δὀὔ.

745 1740 839 1797 De
862 1740 999 1818 Rep.
1030 1744 1160 1798 VII.
1196 1759 1331 1812 702.
1362 1738 1423 1797 b.
1452 1739 1674 1800 Mirum
1702 1737 1969 1816 quidemz
2002 1757 2134 1796 nam
2163 1739 2447 1816 quidquid
2471 1740 2715 1819 intelligi

745 1865 955 1931 potest,
982 1851 1190 1924 νοητόν,
1217 1865 1379 1910 extra
1409 1852 1603 1912 locum
1632 1846 1733 1926 est,
1758 1852 2034 1927 quoniam
2061 1852 2222 1911 locus
2241 1851 2553 1930 praesertim
2582 1853 2715 1912 effi-

743 1967 820 2024 cit
841 1985 915 2024 ne
933 1965 1185 2023 mundus
1201 1962 1463 2023 sensibus
1481 1963 1887 2043 percipiendus
1905 1983 2037 2022 cum
2055 1976 2273 2024 aeterno
2291 1966 2535 2039 mundo,
2551 1965 2715 2044 cujus

742 2078 957 2156 effigies
984 2089 1205 2134 tantum
1225 2074 1629 2153 atqueumbra
1650 2088 1758 2154 est,
1785 2076 2065 2135 confundi
2083 2078 2262 2156 possit
2282 2075 2385 2155 (1).
2420 2083 2588 2139 Parte
2608 2082 2713 2140 alia

745 2187 1036 2247 neminem
1062 2187 1210 2266 fugit
1233 2186 1484 2245 animam
1503 2230 1521 2262 ,
1554 2206 1686 2264 quae
1710 2205 1818 2246 nec
1848 2187 2066 2265 dividi,
2113 2208 2303 2266 neque
2327 2188 2407 2247 ob
2433 2190 2496 2248 id
2522 2192 2711 2270 ipsum

742 2306 803 2361 in
848 2303 976 2360 loco
1017 2318 1139 2360 esse
1165 2313 1379 2379 potest,
1411 2312 1697 2379 perpetuo
1736 2313 1900 2359 motu
1925 2301 2161 2359 moveri.
2217 2306 2520 2379 Praeterea,
2556 2306 2712 2382 apud

745 2416 945 2477 omnes
973 2417 1090 2477 fere
1117 2429 1343 2476 constat
1369 2428 1591 2473 motum
1612 2435 1646 2473 a
1666 2416 1903 2474 Platone
1921 2416 2111 2493 Dyadi
2132 2435 2361 2495 quoque
2379 2436 2713 2476 concessum

743 2551 885 2606 esse,
920 2550 1072 2607 quae,
1104 2530 1274 2606 plane
1300 2528 1666 2603 incorporea,
1693 2526 1837 2585 nihil
1863 2527 2019 2586 aliud
2047 2547 2152 2606 per
2172 2549 2233 2589 se
2255 2530 2329 2588 sit
2354 2549 2528 2607 quam
2554 2549 2710 2589 mera

743 2647 962 2718 relatio,
986 2657 1044 2703 et
1073 2644 1257 2703 multo
1284 2642 1475 2701 minus
1492 2684 1510 2715 ,
1552 2643 1601 2702 si
1639 2643 1761 2701 fieri
1788 2655 2018 2723 potest,
2048 2665 2223 2722 quam
2250 2645 2436 2724 Χώρα,
2465 2646 2540 2705 sit
2564 2649 2712 2706 entis

736 2733 1052 2839 ’particepm
1078 2759 1267 2817 Ταῦτα
1282 2755 1386 2835 γάρ
1408 2758 1549 2816 ἐστιν
1571 2743 1810 2835 ὑπεροχή
1837 2780 1917 2823 τις
1938 2755 2029 2815 καὶ
2050 2755 2296 2836 ἔλλειψις·
2327 2758 2451 2836 περὶ
2480 2755 2534 2818 δὲ
2562 2759 2713 2831 κινή-

747 2901 908 2958 σεεως,Δ
950 2878 997 2935 εἷ
1026 2874 1122 2952 μὲν
1146 2873 1295 2932 ἔσται
1323 2875 1492 2929 ταῦτα
1519 2870 1792 2941 κίνησις...
1829 2875 2020 2930 Arist.
2051 2874 2198 2931 Met.
2231 2878 2280 2931 1.
2305 2879 2363 2947 7,
2386 2895 2446 2953 p.
2474 2874 2612 2939 854,
2644 2875 2711 2935 τὰ

747 2998 843 3073 μὲν
864 2994 968 3073 γὰρ
991 3000 1108 3056 ταῖς
1134 2992 1326 3069 ἀρχαῖς
1353 2986 1716 3062 ἀποδιδόασιν,
1744 2978 1849 3047 οἷον
1878 2987 2103 3063 κίνησιν,
2130 2991 2334 3050 στάσιν.
2365 2985 2512 3052 Met.
2537 2995 2708 3065 XIII,

753 3130 843 3167 10.
872 3128 931 3185 p.
956 3105 1098 3168 966.
1133 3101 1226 3163 Nil
1256 3100 1467 3159 mirum
1499 3119 1638 3180 ergo
1661 3100 1736 3159 ab
1757 3101 1858 3161 illo
1884 3100 2257 3182 philosophO,
2282 3106 2384 3182 qui
2411 3085 2713 3185 qualitates

745 3241 810 3278 ac
849 3219 1151 3278 relationes
1193 3218 1314 3276 sine
1342 3216 1630 3276 substrato
1661 3216 1868 3276 multas
1902 3215 2241 3275 admittebat
2268 3216 2371 3292 (2),
2404 3230 2627 3276 motum
2647 3220 2711 3277 in

813 3476 887 3544 (l)
906 3476 1041 3527 Loco
1071 3489 1225 3540 supra
1261 3470 1490 3521 laudato.
1534 3477 1594 3529 ὡς
1618 3476 1699 3527 ἕως
1720 3479 1776 3523 ἄν
1807 3492 1871 3530 τι,
1888 3477 1942 3523 τὸ
1957 3473 2045 3535 μὲν
2059 3473 2174 3521 ἄλλο
2202 3473 2250 3536 ᾖ,
2275 3474 2327 3521 τὸ
2344 3469 2412 3529 at,
2430 3470 2565 3532 ἄλλο,
2587 3472 2710 3521 οὖδά-

746 3583 879 3631 τερον
922 3566 970 3611 ἐν
999 3560 1220 3622 οὐδετέρῳ
1256 3557 1368 3605 ποτὶ
1395 3559 1714 3615 γεγενημένον,
1745 3556 1790 3601 ἓν
1816 3556 1918 3615 ἅμα
1953 3559 2119 3602 ταυτὸν
2155 3556 2229 3602 καὶ
2271 3553 2347 3601 δύο
2380 3557 2703 3616 γεγενήσεσθον.

750 3649 866 3701 4061
884 3682 896 3693 .
928 3640 980 3692 d.

813 3745 889 3815 (2)
912 3746 988 3795 De
1005 3739 1103 3790 hoc
1122 3751 1249 3801 saepe
1269 3732 1533 3786 Platonem
1550 3731 1844 3785 Aristoteles
1857 3731 2201 3800 reprehendit.
2223 3742 2400 3790 Ατοπον
2416 3738 2509 3802 οὖν,
2528 3743 2707 3802 μᾶλλον

747 3842 793 3888 δὲ
815 3835 1059 3887 ἀδύνατον,
1082 3829 1139 3876 τὸ
1176 3825 1327 3879 οῦσὶας
1354 3827 1424 3885 μὴ
1449 3823 1600 3871 οὐσίαν
1634 3829 1773 3872 ποιεῖν
1805 3829 2021 3893 στοιχεῖον
2042 3824 2119 3871 καὶ
2140 3827 2383 3889 πρότερον·
2409 3822 2595 3888 &uapor
2617 3830 2705 3889 γὰρ

755 3918 953 3965 πᾶσαιαὶ
975 3911 1260 3974 κατηγορίαι.
1286 3902 1419 3952 Μει.
1445 3899 1589 3961 XIV,
1608 3897 1641 3948 l.
1668 3901 1784 3950 972.
1804 3897 1883 3950 Cf.
1905 3899 2036 3949 Met.
2059 3900 2100 3962 1,
2118 3898 2152 3949 7
2178 3909 2228 3948 et
2256 3899 2462 3965 passim.
