<?xml version="1.0" encoding="UTF-8"?>
<!DOCTYPE html PUBLIC "-//W3C//DTD XHTML 1.0 Transitional//EN"
    "http://www.w3.org/TR/xhtml1/DTD/xhtml1-transitional.dtd">
<html xmlns="http://www.w3.org/1999/xhtml" xml:lang="en" lang="en">
 <head>
  <title>
</title>
<meta http-equiv="Content-Type" content="text/html;charset=utf-8" />
  <meta name='ocr-system' content='tesseract 3.04.00' />
  <meta name='ocr-capabilities' content='ocr_page ocr_carea ocr_par ocr_line ocrx_word'/>
</head>
<body>
  <div class='ocr_page' id='page_1' title='image "ansitplatonisde00lorqgoog_0026.png"; bbox 0 0 3094 4963; ppageno 0'>
   <div class='ocr_carea' id='block_1_1' title="bbox 1662 545 1733 598">
    <p class='ocr_par' dir='ltr' id='par_1_1' title="bbox 1662 545 1733 598">
     <span class='ocr_line' id='line_1_1' title="bbox 1662 545 1733 598; baseline -0.014 0"><span class='ocrx_word' id='word_1_1' title='bbox 1662 545 1733 598; x_wconf 76' lang='lat'>18</span> 
     </span>
    </p>
   </div>
   <div class='ocr_carea' id='block_1_2' title="bbox 713 672 2689 1095">
    <p class='ocr_par' dir='ltr' id='par_1_2' title="bbox 713 672 2689 1095">
     <span class='ocr_line' id='line_1_2' title="bbox 720 672 2689 744; baseline 0.002 -14"><span class='ocrx_word' id='word_1_2' title='bbox 720 672 1015 733; x_wconf 72' lang='lat' dir='ltr'>dialectico</span> <span class='ocrx_word' id='word_1_3' title='bbox 1045 675 1202 735; x_wconf 82' lang='lat' dir='ltr'>fonte</span> <span class='ocrx_word' id='word_1_4' title='bbox 1238 675 1608 744; x_wconf 71' lang='lat' dir='ltr'>hauriuntur,</span> <span class='ocrx_word' id='word_1_5' title='bbox 1639 681 1772 733; x_wconf 67' lang='lat' dir='ltr'>vera</span> <span class='ocrx_word' id='word_1_6' title='bbox 1802 686 1859 735; x_wconf 88' lang='lat' dir='ltr'>et</span> <span class='ocrx_word' id='word_1_7' title='bbox 1891 675 2050 733; x_wconf 88' lang='lat' dir='ltr'>omni</span> <span class='ocrx_word' id='word_1_8' title='bbox 2088 674 2263 732; x_wconf 89' lang='lat' dir='ltr'>modo</span> <span class='ocrx_word' id='word_1_9' title='bbox 2296 674 2543 733; x_wconf 75' lang='lat' dir='ltr'><strong>certiora</strong></span> <span class='ocrx_word' id='word_1_10' title='bbox 2571 676 2689 734; x_wconf 86' lang='lat' dir='ltr'>du-</span> 
     </span>
     <span class='ocr_line' id='line_1_3' title="bbox 717 789 2688 870; baseline 0.002 -24"><span class='ocrx_word' id='word_1_11' title='bbox 717 789 901 847; x_wconf 86' lang='lat' dir='ltr'>cenda</span> <span class='ocrx_word' id='word_1_12' title='bbox 927 801 1087 848; x_wconf 81' lang='lat' dir='ltr'><strong>sunt.</strong></span> <span class='ocrx_word' id='word_1_13' title='bbox 1115 795 1247 849; x_wconf 86' lang='lat' dir='ltr'>Huc</span> <span class='ocrx_word' id='word_1_14' title='bbox 1287 791 1469 870; x_wconf 84' lang='lat' dir='ltr'>igitur</span> <span class='ocrx_word' id='word_1_15' title='bbox 1508 805 1917 851; x_wconf 75' lang='lat' dir='ltr'>convertamur</span> <span class='ocrx_word' id='word_1_16' title='bbox 1938 832 1955 866; x_wconf 89' lang='lat'><strong>,</strong></span> <span class='ocrx_word' id='word_1_17' title='bbox 2006 803 2064 849; x_wconf 91' lang='lat' dir='ltr'>et</span> <span class='ocrx_word' id='word_1_18' title='bbox 2111 791 2249 849; x_wconf 88' lang='lat' dir='ltr'>hinc</span> <span class='ocrx_word' id='word_1_19' title='bbox 2288 810 2440 850; x_wconf 88' lang='lat' dir='ltr'>nova</span> <span class='ocrx_word' id='word_1_20' title='bbox 2489 803 2688 849; x_wconf 80' lang='lat' dir='ltr'>nostro</span> 
     </span>
     <span class='ocr_line' id='line_1_4' title="bbox 713 899 2688 990; baseline 0.002 -34"><span class='ocrx_word' id='word_1_21' title='bbox 713 899 877 975; x_wconf 86' lang='lat' dir='ltr'>operi</span> <span class='ocrx_word' id='word_1_22' title='bbox 903 902 1341 980; x_wconf 79' lang='lat' dir='ltr'>propugnacula</span> <span class='ocrx_word' id='word_1_23' title='bbox 1365 918 1711 979; x_wconf 66' lang='lat' dir='ltr'>quaeramus.</span> <span class='ocrx_word' id='word_1_24' title='bbox 1741 905 1872 960; x_wconf 56' lang='lat'>&lt;1100</span> <span class='ocrx_word' id='word_1_25' title='bbox 1899 901 2136 980; x_wconf 83' lang='lat' dir='ltr'>primun</span> <span class='ocrx_word' id='word_1_26' title='bbox 2174 901 2481 964; x_wconf 77' lang='lat' dir='ltr'>luculentis</span> <span class='ocrx_word' id='word_1_27' title='bbox 2525 904 2688 990; x_wconf 78' lang='lat' dir='ltr'>testi-</span> 
     </span>
     <span class='ocr_line' id='line_1_5' title="bbox 714 1013 2683 1095; baseline 0.002 -24"><span class='ocrx_word' id='word_1_28' title='bbox 714 1013 924 1072; x_wconf 83' lang='lat' dir='ltr'>moniis</span> <span class='ocrx_word' id='word_1_29' title='bbox 946 1013 1009 1073; x_wconf 77' lang='lat' dir='ltr'>i‘n</span> <span class='ocrx_word' id='word_1_30' title='bbox 1036 1018 1241 1094; x_wconf 66' lang='lat' dir='ltr'>apen-&#39;to</span> <span class='ocrx_word' id='word_1_31' title='bbox 1267 1034 1487 1093; x_wconf 87' lang='lat' dir='ltr'>ponere</span> <span class='ocrx_word' id='word_1_32' title='bbox 1512 1014 1878 1086; x_wconf 81' lang='lat' dir='ltr'>confidimus,</span> <span class='ocrx_word' id='word_1_33' title='bbox 1915 1032 2147 1092; x_wconf 83' lang='lat' dir='ltr'>nempe,</span> <span class='ocrx_word' id='word_1_34' title='bbox 2198 1033 2319 1072; x_wconf 91' lang='lat' dir='ltr'>non</span> <span class='ocrx_word' id='word_1_35' title='bbox 2351 1028 2683 1095; x_wconf 85' lang='lat' dir='ltr'>receptacu-</span> 
     </span>
    </p>
   </div>
   <div class='ocr_carea' id='block_1_3' title="bbox 709 1111 2683 1319">
    <p class='ocr_par' dir='ltr' id='par_1_3' title="bbox 709 1111 2683 1319">
     <span class='ocr_line' id='line_1_6' title="bbox 709 1111 2683 1211; baseline 0.003 -25"><span class='ocrx_word' id='word_1_36' title='bbox 709 1129 855 1201; x_wconf 85' lang='lat' dir='ltr'><strong>lum,</strong></span> <span class='ocrx_word' id='word_1_37' title='bbox 881 1129 981 1189; x_wconf 83' lang='lat' dir='ltr'>sed</span> <span class='ocrx_word' id='word_1_38' title='bbox 1016 1148 1147 1207; x_wconf 77' lang='lat' dir='ltr'>quae</span> <span class='ocrx_word' id='word_1_39' title='bbox 1172 1150 1246 1189; x_wconf 84' lang='lat' dir='ltr'>ex</span> <span class='ocrx_word' id='word_1_40' title='bbox 1285 1151 1494 1209; x_wconf 82' lang='lat' dir='ltr'>magno</span> <span class='ocrx_word' id='word_1_41' title='bbox 1523 1144 1583 1189; x_wconf 88' lang='lat' dir='ltr'>et</span> <span class='ocrx_word' id='word_1_42' title='bbox 1615 1148 1797 1210; x_wconf 82' lang='lat' dir='ltr'>parvo</span> <span class='ocrx_word' id='word_1_43' title='bbox 1825 1143 2049 1190; x_wconf 86' lang='lat' dir='ltr'>constat</span> <span class='ocrx_word' id='word_1_44' title='bbox 2072 1111 2278 1209; x_wconf 78' lang='lat' dir='ltr'>Dyada</span> <span class='ocrx_word' id='word_1_45' title='bbox 2305 1132 2463 1211; x_wconf 83' lang='lat' dir='ltr'>apud</span> <span class='ocrx_word' id='word_1_46' title='bbox 2490 1134 2683 1191; x_wconf 83' lang='lat' dir='ltr'>Plato-</span> 
     </span>
     <span class='ocr_line' id='line_1_7' title="bbox 709 1239 1816 1319; baseline 0.005 -24"><span class='ocrx_word' id='word_1_47' title='bbox 709 1256 843 1295; x_wconf 84' lang='lat' dir='ltr'>nem</span> <span class='ocrx_word' id='word_1_48' title='bbox 866 1239 1119 1297; x_wconf 66' lang='lat' dir='ltr'>materia</span> <span class='ocrx_word' id='word_1_49' title='bbox 1138 1252 1330 1319; x_wconf 80' lang='lat' dir='ltr'>partes</span> <span class='ocrx_word' id='word_1_50' title='bbox 1358 1239 1697 1301; x_wconf 75' lang='lat' dir='ltr'><strong>obtinuisse.</strong></span> <span class='ocrx_word' id='word_1_51' title='bbox 1811 1254 1816 1259; x_wconf 64' lang='lat'><strong>⁴</strong></span> 
     </span>
    </p>
   </div>
   <div class='ocr_carea' id='block_1_4' title="bbox 628 1347 2681 2476">
    <p class='ocr_par' dir='ltr' id='par_1_4' title="bbox 735 1347 2679 1435">
     <span class='ocr_line' id='line_1_8' title="bbox 735 1347 2679 1435; baseline 0.001 -22"><span class='ocrx_word' id='word_1_52' title='bbox 735 1347 741 1359; x_wconf 80' lang='grc'><strong>’</strong></span> <span class='ocrx_word' id='word_1_53' title='bbox 786 1360 964 1415; x_wconf 78' lang='lat' dir='ltr'>Notat</span> <span class='ocrx_word' id='word_1_54' title='bbox 1000 1356 1333 1417; x_wconf 79' lang='lat' dir='ltr'>Aristoteles</span> <span class='ocrx_word' id='word_1_55' title='bbox 1359 1357 1668 1416; x_wconf 84' lang='lat' dir='ltr'>Platonem-</span> <span class='ocrx_word' id='word_1_56' title='bbox 1699 1356 1760 1413; x_wconf 87' lang='lat' dir='ltr'>id</span> <span class='ocrx_word' id='word_1_57' title='bbox 1802 1355 1960 1433; x_wconf 91' lang='lat' dir='ltr'>quod</span> <span class='ocrx_word' id='word_1_58' title='bbox 1987 1357 2107 1415; x_wconf 83' lang='lat' dir='ltr'>vim</span> <span class='ocrx_word' id='word_1_59' title='bbox 2149 1355 2466 1435; x_wconf 79' lang='lat' dir='ltr'>recipiendi</span> <span class='ocrx_word' id='word_1_60' title='bbox 2502 1355 2679 1416; x_wconf 79' lang='lat' dir='ltr'>habet</span> 
     </span>
    </p>

    <p class='ocr_par' dir='ltr' id='par_1_5' title="bbox 704 1473 2681 1673">
     <span class='ocr_line' id='line_1_9' title="bbox 704 1473 2681 1554; baseline 0.003 -24"><span class='ocrx_word' id='word_1_61' title='bbox 704 1473 818 1530; x_wconf 88' lang='lat' dir='ltr'>alio</span> <span class='ocrx_word' id='word_1_62' title='bbox 842 1473 1080 1530; x_wconf 84' lang='lat' dir='ltr'>nomine</span> <span class='ocrx_word' id='word_1_63' title='bbox 1104 1473 1391 1531; x_wconf 79' lang='lat' dir='ltr'>iuTimoeo</span> <span class='ocrx_word' id='word_1_64' title='bbox 1419 1474 1827 1551; x_wconf 74' lang='lat' dir='ltr'>designavisse,</span> <span class='ocrx_word' id='word_1_65' title='bbox 1841 1475 1953 1533; x_wconf 87' lang='lat' dir='ltr'>alio</span> <span class='ocrx_word' id='word_1_66' title='bbox 1977 1473 2040 1535; x_wconf 88' lang='lat' dir='ltr'>in</span> <span class='ocrx_word' id='word_1_67' title='bbox 2064 1473 2150 1547; x_wconf 82' lang='lat' dir='ltr'>iis,</span> <span class='ocrx_word' id='word_1_68' title='bbox 2165 1492 2297 1551; x_wconf 86' lang='lat' dir='ltr'>quae</span> <span class='ocrx_word' id='word_1_69' title='bbox 2308 1494 2432 1533; x_wconf 81' lang='lat' dir='ltr'>non</span> <span class='ocrx_word' id='word_1_70' title='bbox 2455 1477 2681 1554; x_wconf 59' lang='lat' dir='ltr'>scriptae</span> 
     </span>
     <span class='ocr_line' id='line_1_10' title="bbox 706 1564 2679 1673; baseline 0.002 -31"><span class='ocrx_word' id='word_1_71' title='bbox 706 1564 862 1657; x_wconf 69' lang='lat' dir='ltr'>sum,</span> <span class='ocrx_word' id='word_1_72' title='bbox 890 1583 1418 1673; x_wconf 73' lang='lat' dir='ltr'>disputationibus:</span> <span class='ocrx_word' id='word_1_73' title='bbox 1450 1583 1616 1643; x_wconf 72' lang='grc' dir='ltr'>ἄλλον</span> <span class='ocrx_word' id='word_1_74' title='bbox 1644 1582 1701 1644; x_wconf 81' lang='grc' dir='ltr'>δὲ</span> <span class='ocrx_word' id='word_1_75' title='bbox 1737 1582 1930 1662; x_wconf 83' lang='grc' dir='ltr'>τρόπον</span> <span class='ocrx_word' id='word_1_76' title='bbox 1971 1587 2083 1644; x_wconf 82' lang='grc' dir='ltr'>ἐκεῖ</span> <span class='ocrx_word' id='word_1_77' title='bbox 2118 1608 2179 1644; x_wconf 86' lang='grc' dir='ltr'>τε</span> <span class='ocrx_word' id='word_1_78' title='bbox 2206 1587 2281 1661; x_wconf 78' lang='grc' dir='ltr'>(ἐν</span> <span class='ocrx_word' id='word_1_79' title='bbox 2322 1589 2399 1666; x_wconf 79' lang='grc' dir='ltr'>τῷ</span> <span class='ocrx_word' id='word_1_80' title='bbox 2441 1586 2679 1670; x_wconf 78' lang='grc' dir='ltr'>Τιμαίῳ)</span> 
     </span>
    </p>

    <p class='ocr_par' dir='ltr' id='par_1_6' title="bbox 628 1672 2679 2476">
     <span class='ocr_line' id='line_1_11' title="bbox 628 1672 2679 1778; baseline 0.001 -22"><span class='ocrx_word' id='word_1_81' title='bbox 628 1672 637 1683; x_wconf 83' lang='lat'><em>.</em></span> <span class='ocrx_word' id='word_1_82' title='bbox 706 1695 896 1776; x_wconf 75' lang='grc' dir='ltr'>λέγων,</span> <span class='ocrx_word' id='word_1_83' title='bbox 918 1692 980 1757; x_wconf 71' lang='grc' dir='ltr'>τὸ</span> <span class='ocrx_word' id='word_1_84' title='bbox 999 1697 1416 1776; x_wconf 69' lang='grc' dir='ltr'>μεταληπτικὸν,</span> <span class='ocrx_word' id='word_1_85' title='bbox 1430 1697 1598 1758; x_wconf 66' lang='grc' dir='ltr'>καῖ’ἑν</span> <span class='ocrx_word' id='word_1_86' title='bbox 1617 1705 1727 1764; x_wconf 86' lang='grc' dir='ltr'>τοῖς</span> <span class='ocrx_word' id='word_1_87' title='bbox 1751 1696 2337 1778; x_wconf 73' lang='grc' dir='ltr'>λεγομένας-ἀγράφοις</span> <span class='ocrx_word' id='word_1_88' title='bbox 2358 1698 2679 1778; x_wconf 83' lang='grc' dir='ltr'><strong>δόγμασιν...</strong></span> 
     </span>
     <span class='ocr_line' id='line_1_12' title="bbox 713 1815 2679 1900; baseline 0.003 -27"><span class='ocrx_word' id='word_1_89' title='bbox 713 1818 906 1892; x_wconf 77' lang='lat' dir='ltr'><em>Phys.</em></span> <span class='ocrx_word' id='word_1_90' title='bbox 932 1822 1033 1890; x_wconf 90' lang='lat' dir='ltr'>IV,</span> <span class='ocrx_word' id='word_1_91' title='bbox 1068 1826 1126 1890; x_wconf 88' lang='grc'>4,</span> <span class='ocrx_word' id='word_1_92' title='bbox 1154 1839 1215 1895; x_wconf 89' lang='lat' dir='ltr'>p.</span> <span class='ocrx_word' id='word_1_93' title='bbox 1248 1817 1384 1875; x_wconf 84' lang='lat'>353.</span> <span class='ocrx_word' id='word_1_94' title='bbox 1415 1821 1557 1874; x_wconf 83' lang='lat' dir='ltr'>Mox</span> <span class='ocrx_word' id='word_1_95' title='bbox 1576 1815 1929 1894; x_wconf 81' lang='lat' dir='ltr'>principium</span> <span class='ocrx_word' id='word_1_96' title='bbox 1951 1815 2115 1891; x_wconf 89' lang='lat' dir='ltr'>illud,</span> <span class='ocrx_word' id='word_1_97' title='bbox 2141 1837 2261 1894; x_wconf 91' lang='lat' dir='ltr'>quo</span> <span class='ocrx_word' id='word_1_98' title='bbox 2282 1817 2438 1896; x_wconf 87' lang='lat' dir='ltr'>apud</span> <span class='ocrx_word' id='word_1_99' title='bbox 2460 1817 2679 1900; x_wconf 76' lang='grc' dir='ltr'>ἄγραφα</span> 
     </span>
     <span class='ocr_line' id='line_1_13' title="bbox 706 1922 2679 2014; baseline 0.001 -21"><span class='ocrx_word' id='word_1_100' title='bbox 706 1922 948 2014; x_wconf 72' lang='grc' dir='ltr'>δόγματα</span> <span class='ocrx_word' id='word_1_101' title='bbox 972 1934 1072 1991; x_wconf 81' lang='lat' dir='ltr'>ina</span> <span class='ocrx_word' id='word_1_102' title='bbox 1106 1932 1303 1989; x_wconf 78' lang='lat' dir='ltr'>Timaei</span> <span class='ocrx_word' id='word_1_103' title='bbox 1329 1929 1483 2012; x_wconf 80' lang='grc' dir='ltr'>χώρα</span> <span class='ocrx_word' id='word_1_104' title='bbox 1516 1929 1826 2008; x_wconf 71' lang='lat' dir='ltr'>excipitur,</span> <span class='ocrx_word' id='word_1_105' title='bbox 1858 1930 2110 2008; x_wconf 88' lang='lat' dir='ltr'>propriis</span> <span class='ocrx_word' id='word_1_106' title='bbox 2130 1931 2321 1993; x_wconf 84' lang='lat' dir='ltr'>verbis</span> <span class='ocrx_word' id='word_1_107' title='bbox 2347 1934 2679 2013; x_wconf 66' lang='lat' dir='ltr'>Aristoteles</span> 
     </span>
     <span class='ocr_line' id='line_1_14' title="bbox 705 2046 2676 2133; baseline 0.001 -23"><span class='ocrx_word' id='word_1_108' title='bbox 705 2066 979 2128; x_wconf 80' lang='lat' dir='ltr'>magnum</span> <span class='ocrx_word' id='word_1_109' title='bbox 1019 2061 1079 2107; x_wconf 86' lang='lat' dir='ltr'>et</span> <span class='ocrx_word' id='word_1_110' title='bbox 1106 2062 1349 2126; x_wconf 68' lang='lat' dir='ltr'>parvum</span> <span class='ocrx_word' id='word_1_111' title='bbox 1379 2048 1632 2133; x_wconf 72' lang='lat' dir='ltr'>declarat</span> <span class='ocrx_word' id='word_1_112' title='bbox 1658 2070 1672 2103; x_wconf 69' lang='grc' dir='ltr'>τ</span> <span class='ocrx_word' id='word_1_113' title='bbox 1717 2046 1822 2106; x_wconf 71' lang='grc' dir='ltr'>εἴτε</span> <span class='ocrx_word' id='word_1_114' title='bbox 1854 2052 1948 2108; x_wconf 76' lang='grc' dir='ltr'>τοῦ</span> <span class='ocrx_word' id='word_1_115' title='bbox 1986 2049 2220 2127; x_wconf 69' lang='grc' dir='ltr'>μεγάλου,</span> <span class='ocrx_word' id='word_1_116' title='bbox 2241 2050 2333 2111; x_wconf 80' lang='grc' dir='ltr'>καὶ</span> <span class='ocrx_word' id='word_1_117' title='bbox 2362 2055 2453 2111; x_wconf 74' lang='grc' dir='ltr'>τοῦ</span> <span class='ocrx_word' id='word_1_118' title='bbox 2485 2057 2676 2132; x_wconf 73' lang='grc' dir='ltr'>μικροῦ</span> 
     </span>
     <span class='ocr_line' id='line_1_15' title="bbox 701 2165 2678 2251; baseline -0.001 -21"><span class='ocrx_word' id='word_1_119' title='bbox 701 2170 847 2237; x_wconf 81' lang='grc' dir='ltr'>ὄντος</span> <span class='ocrx_word' id='word_1_120' title='bbox 871 2174 963 2229; x_wconf 74' lang='grc' dir='ltr'>τοῦ</span> <span class='ocrx_word' id='word_1_121' title='bbox 992 2174 1324 2248; x_wconf 80' lang='grc' dir='ltr'>μεθεκτικοῧ,</span> <span class='ocrx_word' id='word_1_122' title='bbox 1361 2166 1465 2226; x_wconf 77' lang='grc' dir='ltr'>εἴτε</span> <span class='ocrx_word' id='word_1_123' title='bbox 1488 2171 1585 2241; x_wconf 81' lang='grc' dir='ltr'>τῆς</span> <span class='ocrx_word' id='word_1_124' title='bbox 1607 2165 1759 2241; x_wconf 74' lang='grc' dir='ltr'><strong>ὕλης,</strong></span> <span class='ocrx_word' id='word_1_125' title='bbox 1788 2167 2031 2248; x_wconf 73' lang='grc' dir='ltr'>καθάπερ</span> <span class='ocrx_word' id='word_1_126' title='bbox 2052 2172 2107 2229; x_wconf 83' lang='grc' dir='ltr'>ἐν</span> <span class='ocrx_word' id='word_1_127' title='bbox 2128 2172 2205 2248; x_wconf 80' lang='grc' dir='ltr'>τῷ</span> <span class='ocrx_word' id='word_1_128' title='bbox 2232 2169 2452 2250; x_wconf 79' lang='grc' dir='ltr'><strong>Τιμαίῳ</strong></span> <span class='ocrx_word' id='word_1_129' title='bbox 2479 2170 2678 2251; x_wconf 80' lang='grc' dir='ltr'><strong>γέγρα-</strong></span> 
     </span>
     <span class='ocr_line' id='line_1_16' title="bbox 705 2281 2676 2361; baseline 0.002 -21"><span class='ocrx_word' id='word_1_130' title='bbox 705 2282 815 2361; x_wconf 77' lang='grc' dir='ltr'>φέν.</span> <span class='ocrx_word' id='word_1_131' title='bbox 835 2282 1026 2355; x_wconf 73' lang='lat' dir='ltr'><em>Phys.</em></span> <span class='ocrx_word' id='word_1_132' title='bbox 1052 2281 1194 2341; x_wconf 76' lang='lat' dir='ltr'>ibid.</span> <span class='ocrx_word' id='word_1_133' title='bbox 1214 2286 1387 2341; x_wconf 83' lang='lat' dir='ltr'>Parte</span> <span class='ocrx_word' id='word_1_134' title='bbox 1399 2281 1527 2356; x_wconf 80' lang='lat' dir='ltr'>alia,</span> <span class='ocrx_word' id='word_1_135' title='bbox 1547 2281 1610 2340; x_wconf 83' lang='lat' dir='ltr'>iu</span> <span class='ocrx_word' id='word_1_136' title='bbox 1635 2283 1824 2361; x_wconf 79' lang='lat' dir='ltr'>primo</span> <span class='ocrx_word' id='word_1_137' title='bbox 1843 2282 2376 2361; x_wconf 72' lang='lat' dir='ltr'>metaphysicorum</span> <span class='ocrx_word' id='word_1_138' title='bbox 2391 2283 2676 2343; x_wconf 83' lang='lat' dir='ltr'>librorum</span> 
     </span>
     <span class='ocr_line' id='line_1_17' title="bbox 700 2376 2676 2476; baseline 0.002 -20"><span class='ocrx_word' id='word_1_139' title='bbox 700 2412 834 2456; x_wconf 87' lang='lat' dir='ltr'>cum</span> <span class='ocrx_word' id='word_1_140' title='bbox 860 2376 1107 2476; x_wconf 58' lang='lat' dir='ltr'>eystema</span> <span class='ocrx_word' id='word_1_141' title='bbox 1151 2399 1508 2476; x_wconf 84' lang='lat' dir='ltr'>platonicum</span> <span class='ocrx_word' id='word_1_142' title='bbox 1536 2399 1775 2472; x_wconf 76' lang='lat' dir='ltr'>evolvit,</span> <span class='ocrx_word' id='word_1_143' title='bbox 1805 2399 1963 2459; x_wconf 86' lang='lat' dir='ltr'>idem</span> <span class='ocrx_word' id='word_1_144' title='bbox 1991 2399 2349 2472; x_wconf 65' lang='lat' dir='ltr'>Aristoteles,</span> <span class='ocrx_word' id='word_1_145' title='bbox 2396 2419 2471 2459; x_wconf 85' lang='lat' dir='ltr'>ne</span> <span class='ocrx_word' id='word_1_146' title='bbox 2511 2420 2676 2460; x_wconf 88' lang='lat' dir='ltr'>men-</span> 
     </span>
    </p>
   </div>
   <div class='ocr_carea' id='block_1_5' title="bbox 698 2514 2667 2593">
    <p class='ocr_par' dir='ltr' id='par_1_7' title="bbox 698 2514 2667 2593">
     <span class='ocr_line' id='line_1_18' title="bbox 698 2514 2667 2593; baseline 0.001 -19"><span class='ocrx_word' id='word_1_147' title='bbox 698 2516 853 2575; x_wconf 86' lang='lat' dir='ltr'>tione</span> <span class='ocrx_word' id='word_1_148' title='bbox 891 2515 1125 2593; x_wconf 90' lang='lat' dir='ltr'>quidem</span> <span class='ocrx_word' id='word_1_149' title='bbox 1163 2515 1280 2573; x_wconf 89' lang='lat' dir='ltr'>ulla</span> <span class='ocrx_word' id='word_1_150' title='bbox 1307 2514 1380 2572; x_wconf 92' lang='lat' dir='ltr'>de</span> <span class='ocrx_word' id='word_1_151' title='bbox 1407 2514 1508 2571; x_wconf 87' lang='lat' dir='ltr'>illo</span> <span class='ocrx_word' id='word_1_152' title='bbox 1533 2514 1731 2573; x_wconf 83' lang='lat' dir='ltr'>Timaei</span> <span class='ocrx_word' id='word_1_153' title='bbox 1772 2516 2136 2593; x_wconf 86' lang='lat' dir='ltr'>receptaculo</span> <span class='ocrx_word' id='word_1_154' title='bbox 2163 2515 2332 2592; x_wconf 84' lang='lat' dir='ltr'>facta,</span> <span class='ocrx_word' id='word_1_155' title='bbox 2365 2536 2475 2577; x_wconf 82' lang='lat' dir='ltr'>nos</span> <span class='ocrx_word' id='word_1_156' title='bbox 2503 2538 2667 2576; x_wconf 89' lang='lat' dir='ltr'>com-</span> 
     </span>
    </p>
   </div>
   <div class='ocr_carea' id='block_1_6' title="bbox 694 2615 2764 2708">
    <p class='ocr_par' dir='ltr' id='par_1_8' title="bbox 694 2615 2764 2708">
     <span class='ocr_line' id='line_1_19' title="bbox 694 2615 2764 2708; baseline 0.001 -21"><span class='ocrx_word' id='word_1_157' title='bbox 694 2628 1004 2687; x_wconf 86' lang='lat' dir='ltr'>monefacit</span> <span class='ocrx_word' id='word_1_158' title='bbox 1043 2627 1201 2706; x_wconf 89' lang='lat' dir='ltr'>apud</span> <span class='ocrx_word' id='word_1_159' title='bbox 1227 2626 1385 2685; x_wconf 86' lang='lat' dir='ltr'>hunc</span> <span class='ocrx_word' id='word_1_160' title='bbox 1418 2625 1831 2705; x_wconf 86' lang='lat' dir='ltr'>philosophum</span> <span class='ocrx_word' id='word_1_161' title='bbox 1880 2647 2155 2706; x_wconf 87' lang='lat' dir='ltr'>magnum</span> <span class='ocrx_word' id='word_1_162' title='bbox 2192 2641 2250 2688; x_wconf 86' lang='lat' dir='ltr'>et</span> <span class='ocrx_word' id='word_1_163' title='bbox 2277 2648 2560 2708; x_wconf 85' lang='lat' dir='ltr'>parvum,</span> <span class='ocrx_word' id='word_1_164' title='bbox 2604 2644 2670 2688; x_wconf 88' lang='lat' dir='ltr'>ut</span> <span class='ocrx_word' id='word_1_165' title='bbox 2737 2615 2764 2628; x_wconf 16' lang='grc' dir='ltr'><strong>Ἀ</strong></span> 
     </span>
    </p>
   </div>
   <div class='ocr_carea' id='block_1_7' title="bbox 674 2732 2665 2944">
    <p class='ocr_par' dir='ltr' id='par_1_9' title="bbox 674 2732 2665 2944">
     <span class='ocr_line' id='line_1_20' title="bbox 674 2732 2665 2823; baseline 0.001 -23"><span class='ocrx_word' id='word_1_166' title='bbox 674 2742 1016 2814; x_wconf 84' lang='lat' dir='ltr'><strong>materiam,</strong></span> <span class='ocrx_word' id='word_1_167' title='bbox 1053 2760 1180 2802; x_wconf 89' lang='lat' dir='ltr'>esse</span> <span class='ocrx_word' id='word_1_168' title='bbox 1200 2740 1483 2820; x_wconf 83' lang='lat' dir='ltr'>principia</span> <span class='ocrx_word' id='word_1_169' title='bbox 1511 2766 1526 2801; x_wconf 76' lang='grc' dir='ltr'><strong><em>ε</em></strong></span> <span class='ocrx_word' id='word_1_170' title='bbox 1560 2744 1630 2810; x_wconf 78' lang='grc' dir='ltr'>ὣς</span> <span class='ocrx_word' id='word_1_171' title='bbox 1656 2739 1752 2819; x_wconf 84' lang='grc' dir='ltr'>μὲν</span> <span class='ocrx_word' id='word_1_172' title='bbox 1772 2732 1859 2800; x_wconf 73' lang='grc' dir='ltr'>οῧν</span> <span class='ocrx_word' id='word_1_173' title='bbox 1886 2739 2015 2814; x_wconf 80' lang='grc' dir='ltr'>ὕλην</span> <span class='ocrx_word' id='word_1_174' title='bbox 2041 2742 2102 2802; x_wconf 81' lang='grc' dir='ltr'>τὸ</span> <span class='ocrx_word' id='word_1_175' title='bbox 2132 2740 2270 2819; x_wconf 81' lang='grc' dir='ltr'><strong>μέγα</strong></span> <span class='ocrx_word' id='word_1_176' title='bbox 2293 2741 2461 2802; x_wconf 77' lang='grc' dir='ltr'>καὶτὸ</span> <span class='ocrx_word' id='word_1_177' title='bbox 2479 2741 2665 2823; x_wconf 82' lang='grc' dir='ltr'>μικρὸν</span> 
     </span>
     <span class='ocr_line' id='line_1_21' title="bbox 695 2855 2664 2944; baseline -0.003 -20"><span class='ocrx_word' id='word_1_178' title='bbox 695 2855 827 2925; x_wconf 72' lang='grc' dir='ltr'>εἶναι</span> <span class='ocrx_word' id='word_1_179' title='bbox 857 2863 1045 2944; x_wconf 78' lang='grc' dir='ltr'>ἀρχάς.</span> <span class='ocrx_word' id='word_1_180' title='bbox 1091 2864 1240 2920; x_wconf 82' lang='lat' dir='ltr'>Met.</span> <span class='ocrx_word' id='word_1_181' title='bbox 1270 2867 1326 2936; x_wconf 84' lang='lat'>1,</span> <span class='ocrx_word' id='word_1_182' title='bbox 1360 2883 1415 2934; x_wconf 88' lang='lat'>7,</span> <span class='ocrx_word' id='word_1_183' title='bbox 1444 2882 1506 2939; x_wconf 91' lang='lat' dir='ltr'>p.</span> <span class='ocrx_word' id='word_1_184' title='bbox 1556 2862 1690 2928; x_wconf 90' lang='grc'><strong>848.</strong></span> <span class='ocrx_word' id='word_1_185' title='bbox 1721 2865 1866 2937; x_wconf 85' lang='lat' dir='ltr'><strong>Im0,</strong></span> <span class='ocrx_word' id='word_1_186' title='bbox 1896 2880 2028 2919; x_wconf 92' lang='lat' dir='ltr'>cum</span> <span class='ocrx_word' id='word_1_187' title='bbox 2051 2860 2132 2918; x_wconf 72' lang='lat' dir='ltr'>in&#39;</span> <span class='ocrx_word' id='word_1_188' title='bbox 2155 2860 2419 2938; x_wconf 86' lang='lat' dir='ltr'><strong>plurimis</strong></span> <span class='ocrx_word' id='word_1_189' title='bbox 2457 2860 2664 2919; x_wconf 82' lang='lat' dir='ltr'>horum</span> 
     </span>
    </p>
   </div>
   <div class='ocr_carea' id='block_1_8' title="bbox 673 2971 2665 4114">
    <p class='ocr_par' dir='ltr' id='par_1_10' title="bbox 686 2971 2665 3294">
     <span class='ocr_line' id='line_1_22' title="bbox 686 2971 2665 3053; baseline -0.002 -17"><span class='ocrx_word' id='word_1_190' title='bbox 686 2975 968 3035; x_wconf 89' lang='lat' dir='ltr'>librorum</span> <span class='ocrx_word' id='word_1_191' title='bbox 997 2974 1159 3046; x_wconf 87' lang='lat' dir='ltr'>locis,</span> <span class='ocrx_word' id='word_1_192' title='bbox 1194 2972 1497 3050; x_wconf 85' lang='lat' dir='ltr'>platonicis</span> <span class='ocrx_word' id='word_1_193' title='bbox 1524 2972 1824 3050; x_wconf 82' lang='lat' dir='ltr'>principiis</span> <span class='ocrx_word' id='word_1_194' title='bbox 1847 2971 2063 3032; x_wconf 88' lang='lat' dir='ltr'>bellum</span> <span class='ocrx_word' id='word_1_195' title='bbox 2086 2974 2337 3045; x_wconf 85' lang='lat' dir='ltr'>indicat,</span> <span class='ocrx_word' id='word_1_196' title='bbox 2364 2993 2665 3053; x_wconf 85' lang='lat' dir='ltr'><strong>nunquam</strong></span> 
     </span>
     <span class='ocr_line' id='line_1_23' title="bbox 689 3090 2664 3176; baseline -0.002 -23"><span class='ocrx_word' id='word_1_197' title='bbox 689 3095 866 3154; x_wconf 83' lang='lat' dir='ltr'>ullam</span> <span class='ocrx_word' id='word_1_198' title='bbox 904 3094 1075 3152; x_wconf 89' lang='lat' dir='ltr'>aliam</span> <span class='ocrx_word' id='word_1_199' title='bbox 1101 3091 1400 3152; x_wconf 84' lang='lat' dir='ltr'>materiam</span> <span class='ocrx_word' id='word_1_200' title='bbox 1427 3090 1737 3170; x_wconf 86' lang='lat' dir='ltr'>impugnat</span> <span class='ocrx_word' id='word_1_201' title='bbox 1762 3110 1937 3167; x_wconf 90' lang='lat' dir='ltr'>quam</span> <span class='ocrx_word' id='word_1_202' title='bbox 1959 3092 2112 3149; x_wconf 86' lang='lat' dir='ltr'>hanc</span> <span class='ocrx_word' id='word_1_203' title='bbox 2142 3111 2353 3171; x_wconf 87' lang='lat' dir='ltr'>magno</span> <span class='ocrx_word' id='word_1_204' title='bbox 2396 3105 2454 3150; x_wconf 87' lang='lat' dir='ltr'>et</span> <span class='ocrx_word' id='word_1_205' title='bbox 2484 3110 2664 3176; x_wconf 59' lang='lat' dir='ltr'>parvo</span> 
     </span>
     <span class='ocr_line' id='line_1_24' title="bbox 689 3212 1331 3294; baseline -0.003 -22"><span class='ocrx_word' id='word_1_206' title='bbox 689 3213 1069 3294; x_wconf 82' lang='lat' dir='ltr'>compositam</span> <span class='ocrx_word' id='word_1_207' title='bbox 1105 3212 1331 3289; x_wconf 76' lang='lat' dir='ltr'>Dyada.</span> 
     </span>
    </p>

    <p class='ocr_par' dir='ltr' id='par_1_11' title="bbox 673 3317 2663 4114">
     <span class='ocr_line' id='line_1_25' title="bbox 766 3317 2657 3409; baseline -0.001 -20"><span class='ocrx_word' id='word_1_208' title='bbox 766 3330 1010 3409; x_wconf 75' lang='lat' dir='ltr'>Propria</span> <span class='ocrx_word' id='word_1_209' title='bbox 1050 3317 1241 3406; x_wconf 35' lang='lat' dir='ltr'>hujus⁸</span> <span class='ocrx_word' id='word_1_210' title='bbox 1276 3324 1584 3384; x_wconf 79' lang='lat' dir='ltr'>materialis</span> <span class='ocrx_word' id='word_1_211' title='bbox 1630 3324 1901 3404; x_wconf 85' lang='lat' dir='ltr'>principii</span> <span class='ocrx_word' id='word_1_212' title='bbox 1954 3337 2160 3384; x_wconf 87' lang='lat' dir='ltr'>natura</span> <span class='ocrx_word' id='word_1_213' title='bbox 2217 3338 2304 3387; x_wconf 84' lang='lat' dir='ltr'>est</span> <span class='ocrx_word' id='word_1_214' title='bbox 2343 3326 2657 3389; x_wconf 83' lang='lat' dir='ltr'>infinitum.</span> 
     </span>
     <span class='ocr_line' id='line_1_26' title="bbox 684 3442 2661 3528; baseline -0.004 -19"><span class='ocrx_word' id='word_1_215' title='bbox 684 3450 858 3525; x_wconf 78' lang='lat' dir='ltr'>Quod</span> <span class='ocrx_word' id='word_1_216' title='bbox 882 3450 944 3510; x_wconf 92' lang='lat' dir='ltr'>in</span> <span class='ocrx_word' id='word_1_217' title='bbox 972 3446 1213 3508; x_wconf 86' lang='lat' dir='ltr'>Philebo</span> <span class='ocrx_word' id='word_1_218' title='bbox 1241 3448 1405 3505; x_wconf 85' lang='lat' dir='ltr'>Plato</span> <span class='ocrx_word' id='word_1_219' title='bbox 1428 3445 1556 3528; x_wconf 88' lang='lat' dir='ltr'>ipse</span> <span class='ocrx_word' id='word_1_220' title='bbox 1584 3463 1694 3503; x_wconf 83' lang='lat' dir='ltr'>nos</span> <span class='ocrx_word' id='word_1_221' title='bbox 1719 3444 1910 3503; x_wconf 86' lang='lat' dir='ltr'>docet.</span> <span class='ocrx_word' id='word_1_222' title='bbox 1942 3443 2052 3518; x_wconf 80' lang='grc' dir='ltr'>Τὸν</span> <span class='ocrx_word' id='word_1_223' title='bbox 2078 3442 2219 3505; x_wconf 81' lang='grc' dir='ltr'>Θεὸν</span> <span class='ocrx_word' id='word_1_224' title='bbox 2262 3442 2661 3525; x_wconf 61' lang='grc' dir='ltr'>ἐλέγομένπου,</span> 
     </span>
     <span class='ocr_line' id='line_1_27' title="bbox 686 3555 2663 3648; baseline 0 -22"><span class='ocrx_word' id='word_1_225' title='bbox 686 3567 755 3627; x_wconf 71' lang='grc' dir='ltr'>τὸ</span> <span class='ocrx_word' id='word_1_226' title='bbox 785 3566 904 3645; x_wconf 68' lang='grc' dir='ltr'>μὲν,</span> <span class='ocrx_word' id='word_1_227' title='bbox 937 3567 1153 3648; x_wconf 77' lang='grc' dir='ltr'>ἄπειρον</span> <span class='ocrx_word' id='word_1_228' title='bbox 1181 3565 1347 3634; x_wconf 73' lang='grc' dir='ltr'><strong>δεῖξαι</strong></span> <span class='ocrx_word' id='word_1_229' title='bbox 1373 3568 1478 3625; x_wconf 81' lang='grc' dir='ltr'>τῶν</span> <span class='ocrx_word' id='word_1_230' title='bbox 1504 3566 1691 3639; x_wconf 82' lang='grc' dir='ltr'>ὄντων,</span> <span class='ocrx_word' id='word_1_231' title='bbox 1717 3565 1779 3623; x_wconf 85' lang='grc' dir='ltr'>τὸ</span> <span class='ocrx_word' id='word_1_232' title='bbox 1812 3562 1889 3639; x_wconf 86' lang='grc' dir='ltr'>δὲ,</span> <span class='ocrx_word' id='word_1_233' title='bbox 1913 3564 2155 3645; x_wconf 69' lang='grc' dir='ltr'>πέρας...</span> <span class='ocrx_word' id='word_1_234' title='bbox 2185 3565 2247 3625; x_wconf 80' lang='grc' dir='ltr'>τὸ</span> <span class='ocrx_word' id='word_1_235' title='bbox 2280 3564 2335 3624; x_wconf 82' lang='grc' dir='ltr'>δὲ</span> <span class='ocrx_word' id='word_1_236' title='bbox 2366 3564 2565 3645; x_wconf 86' lang='grc' dir='ltr'>τρίτον,</span> <span class='ocrx_word' id='word_1_237' title='bbox 2608 3555 2663 3634; x_wconf 70' lang='grc' dir='ltr'>ἐξ</span> 
     </span>
     <span class='ocr_line' id='line_1_28' title="bbox 681 3675 2661 3759; baseline -0.002 -20"><span class='ocrx_word' id='word_1_238' title='bbox 681 3686 878 3759; x_wconf 80' lang='grc' dir='ltr'>ἀμφοῖν</span> <span class='ocrx_word' id='word_1_239' title='bbox 917 3677 1121 3739; x_wconf 81' lang='grc' dir='ltr'>τούτοιν</span> <span class='ocrx_word' id='word_1_240' title='bbox 1165 3677 1222 3737; x_wconf 80' lang='grc' dir='ltr'>ἕν</span> <span class='ocrx_word' id='word_1_241' title='bbox 1265 3702 1315 3736; x_wconf 85' lang='grc' dir='ltr'>τι</span> <span class='ocrx_word' id='word_1_242' title='bbox 1355 3677 1805 3758; x_wconf 83' lang='grc' dir='ltr'>ξυμμισγόμενον.</span> <span class='ocrx_word' id='word_1_243' title='bbox 1839 3675 2000 3736; x_wconf 82' lang='lat' dir='ltr'><em>Phil.</em></span> <span class='ocrx_word' id='word_1_244' title='bbox 2033 3678 2145 3750; x_wconf 84' lang='lat'>378</span> <span class='ocrx_word' id='word_1_245' title='bbox 2176 3698 2227 3735; x_wconf 88' lang='lat' dir='ltr'>a.</span> <span class='ocrx_word' id='word_1_246' title='bbox 2259 3676 2318 3735; x_wconf 88' lang='lat' dir='ltr'>b.</span> <span class='ocrx_word' id='word_1_247' title='bbox 2345 3679 2497 3736; x_wconf 81' lang='lat' dir='ltr'><strong>Illud</strong></span> <span class='ocrx_word' id='word_1_248' title='bbox 2524 3679 2661 3737; x_wconf 88' lang='lat' dir='ltr'>infi-</span> 
     </span>
     <span class='ocr_line' id='line_1_29' title="bbox 678 3787 2660 3875; baseline -0.003 -21"><span class='ocrx_word' id='word_1_249' title='bbox 678 3797 868 3855; x_wconf 86' lang='lat' dir='ltr'>nitum</span> <span class='ocrx_word' id='word_1_250' title='bbox 889 3813 995 3875; x_wconf 87' lang='lat' dir='ltr'>per</span> <span class='ocrx_word' id='word_1_251' title='bbox 1017 3812 1078 3853; x_wconf 82' lang='lat' dir='ltr'>se</span> <span class='ocrx_word' id='word_1_252' title='bbox 1098 3791 1391 3854; x_wconf 81' lang='lat' dir='ltr'>subsistit:</span> <span class='ocrx_word' id='word_1_253' title='bbox 1427 3794 1474 3851; x_wconf 77' lang='grc' dir='ltr'>οἳ</span> <span class='ocrx_word' id='word_1_254' title='bbox 1495 3789 1591 3868; x_wconf 85' lang='grc' dir='ltr'>μὲν</span> <span class='ocrx_word' id='word_1_255' title='bbox 1621 3789 1876 3873; x_wconf 79' lang='grc' dir='ltr'>ὥσπεροὶ</span> <span class='ocrx_word' id='word_1_256' title='bbox 1904 3788 2257 3871; x_wconf 84' lang='grc' dir='ltr'>Πυθαγόρειοι</span> <span class='ocrx_word' id='word_1_257' title='bbox 2301 3789 2391 3848; x_wconf 73' lang='grc' dir='ltr'>καὶ</span> <span class='ocrx_word' id='word_1_258' title='bbox 2414 3787 2660 3869; x_wconf 79' lang='grc' dir='ltr'>ΙΠλᾶτων</span> 
     </span>
     <span class='ocr_line' id='line_1_30' title="bbox 674 3875 2660 3988; baseline -0.002 -20"><span class='ocrx_word' id='word_1_259' title='bbox 674 3911 793 3968; x_wconf 78' lang='grc' dir='ltr'><strong>καθ’</strong></span> <span class='ocrx_word' id='word_1_260' title='bbox 821 3908 969 3980; x_wconf 75' lang='grc' dir='ltr'>αὑτὸ,</span> <span class='ocrx_word' id='word_1_261' title='bbox 996 3911 1096 3988; x_wconf 75' lang='grc' dir='ltr'>οὐχ</span> <span class='ocrx_word' id='word_1_262' title='bbox 1121 3911 1194 3975; x_wconf 77' lang='grc' dir='ltr'>ὣς</span> <span class='ocrx_word' id='word_1_263' title='bbox 1216 3904 1552 3986; x_wconf 75' lang='grc' dir='ltr'>συμὸεὸηκός</span> <span class='ocrx_word' id='word_1_264' title='bbox 1579 3929 1684 3964; x_wconf 79' lang='grc' dir='ltr'>τινι</span> <span class='ocrx_word' id='word_1_265' title='bbox 1708 3904 1895 3987; x_wconf 80' lang='grc' dir='ltr'>ἑτέρῳ,</span> <span class='ocrx_word' id='word_1_266' title='bbox 1928 3903 2048 3964; x_wconf 85' lang='grc' dir='ltr'>ἀλλ’</span> <span class='ocrx_word' id='word_1_267' title='bbox 2070 3906 2145 3971; x_wconf 61' lang='grc' dir='ltr'>ὣς</span> <span class='ocrx_word' id='word_1_268' title='bbox 2164 3903 2350 3964; x_wconf 75' lang='grc' dir='ltr'>οὐσίαν</span> <span class='ocrx_word' id='word_1_269' title='bbox 2375 3903 2501 3964; x_wconf 76' lang='grc' dir='ltr'>αὐτὸ</span> <span class='ocrx_word' id='word_1_270' title='bbox 2522 3875 2660 3965; x_wconf 35' lang='grc' dir='ltr'>ὂνιτὸ</span> 
     </span>
     <span class='ocr_line' id='line_1_31' title="bbox 673 4017 2658 4114; baseline -0.002 -32"><span class='ocrx_word' id='word_1_271' title='bbox 673 4026 911 4103; x_wconf 76' lang='grc' dir='ltr'>ἄπειρον.</span> <span class='ocrx_word' id='word_1_272' title='bbox 949 4021 1141 4097; x_wconf 78' lang='lat' dir='ltr'><em>Phys.</em></span> <span class='ocrx_word' id='word_1_273' title='bbox 1175 4024 1286 4096; x_wconf 90' lang='lat'>111,</span> <span class='ocrx_word' id='word_1_274' title='bbox 1323 4028 1380 4094; x_wconf 87' lang='grc'>4,</span> <span class='ocrx_word' id='word_1_275' title='bbox 1411 4040 1470 4098; x_wconf 89' lang='lat' dir='ltr'>p.</span> <span class='ocrx_word' id='word_1_276' title='bbox 1508 4021 1642 4096; x_wconf 75' lang='lat'>342,</span> <span class='ocrx_word' id='word_1_277' title='bbox 1677 4021 1812 4088; x_wconf 83' lang='grc'><strong>343.</strong></span> <span class='ocrx_word' id='word_1_278' title='bbox 1846 4019 1953 4078; x_wconf 90' lang='lat' dir='ltr'>Sed</span> <span class='ocrx_word' id='word_1_279' title='bbox 1984 4017 2274 4077; x_wconf 85' lang='lat' dir='ltr'>infinitum</span> <span class='ocrx_word' id='word_1_280' title='bbox 2307 4019 2658 4114; x_wconf 66' lang='lat' dir='ltr'>Pythagorei</span> 
     </span>
    </p>
   </div>
   <div class='ocr_carea' id='block_1_9' title="bbox 3057 1993 3063 2575">
    <p class='ocr_par' dir='ltr' id='par_1_12' title="bbox 3057 1993 3063 2575">
     <span class='ocr_line' id='line_1_32' title="bbox 3057 1993 3063 2575; baseline 0 0"><span class='ocrx_word' id='word_1_281' title='bbox 3057 1993 3063 2575; x_wconf 95' lang='lat' dir='ltr'> </span> 
     </span>
    </p>
   </div>
  </div>
 </body>
</html>
