3094 4963
1647 492 1688 547 6

701 632 813 690 tur,
847 620 928 677 ita
951 617 1169 691 disseri,
1199 630 1263 678 ut
1282 631 1599 678 creatorem
1624 620 1798 680 fuisse
1827 619 2080 679 Platonis
2101 624 2292 678 Deum
2319 619 2551 678 minime
2570 639 2668 696 ap·

696 747 929 813 pareat3
957 748 1189 811 contra,
1210 755 1337 794 eam
1358 754 1481 794 esse
1506 736 1660 796 illius
1686 734 1822 795 libri
1843 736 2190 808 doctrinam,
2222 750 2287 795 ut
2314 756 2385 795 ex
2407 738 2506 794 illo
2529 755 2669 814 prae-

697 855 933 932 eipnum
963 855 1193 914 trahant
1209 867 1610 933 argumentum
1631 855 1731 932 qui
1758 855 1914 933 apud
1938 856 2236 914 Platonem
2259 868 2529 914 aeternam
2549 873 2671 913 esse

700 972 1000 1030 materiam
1034 984 1333 1043 asserunt,
1372 972 1474 1032 illo
1522 973 1865 1031 sententiam
1909 992 2106 1044 suam,
2139 973 2302 1049 quasi
2349 972 2670 1031 munimine

697 1084 917 1145 invicto
935 1127 952 1156 ,
980 1084 1211 1143 firment
1238 1105 1302 1143 ac
1333 1097 1641 1163 protegant
1664 1084 1771 1163 (1).

750 1212 757 1219 ·
782 1193 1110 1275 HocJautem
1127 1197 1190 1254 in
1214 1196 1415 1275 primis
1436 1195 1893 1256 animadvertere
1907 1215 2137 1275 aequum
2164 1209 2267 1269 est,
2285 1198 2345 1254 in
2368 1198 2464 1255 tali
2486 1217 2675 1274 quaes·

705 1311 929 1369 tionum
969 1332 1199 1390 genere,
1227 1332 1348 1370 non
1389 1313 1665 1370 Timaeum
1721 1312 1887 1390 quasi
1929 1325 2126 1371 testem
2173 1313 2569 1390 gravissimum
2613 1333 2677 1369 ac

706 1424 942 1484 minime
962 1426 1345 1485 recusandum
1374 1408 1634 1487 invocari
1657 1445 1824 1505 posse
1839 1461 1864 1499 -,
1899 1445 2088 1503 neque
2115 1425 2176 1483 in
2206 1444 2275 1484 eo
2301 1425 2479 1502 quaeri
2503 1445 2676 1503 opor-

709 1555 828 1602 tere
850 1544 1163 1620 genuinam
1187 1543 1261 1602 de
1283 1545 1487 1623 primis
1511 1562 1702 1602 rerum
1724 1543 2022 1622 principiis
2042 1545 2295 1605 Platonis
2310 1544 2672 1602 sententiam.

706 1657 914 1714 Procul
944 1655 1149 1728 dubio,
1178 1658 1363 1716 multo
1398 1656 1579 1734 major
1620 1656 1692 1714 de
1737 1657 1826 1715 his
1862 1656 2035 1715 rebus
2071 1656 2212 1715 fides
2239 1656 2571 1715 adhibenda
2594 1669 2679 1715 est

711 1773 949 1851 dialogis
967 1816 986 1847 ,
1010 1775 1113 1851 qui
1142 1774 1426 1835 dialectici
1454 1775 1761 1851 dicuntur,
1793 1789 1851 1834 et
1880 1776 1950 1835 iis
1977 1796 2108 1853 quae
2137 1775 2211 1834 ab
2238 1776 2541 1833 Aristotele
2560 1820 2576 1845 ,
2605 1794 2678 1832 ex

711 1891 1075 1950 sermonibus
1134 1890 1349 1971 ἄγραφα
1389 1890 1631 1969 δόγματα
1676 1891 1841 1948 dictis
1869 1933 1885 1960 ,
1929 1891 2278 1949 revelantur.
2334 1892 2480 1949 Satis
2524 1891 2676 1948 enim

714 2021 1075 2087 compertum
1104 2021 1190 2069 est
1215 2008 1483 2088 physicas
1508 2009 1979 2086 investigationes
2003 2009 2301 2066 Platonem
2339 2027 2458 2064 non
2487 2010 2682 2085 magni

716 2125 932 2197 fecisse,
965 2139 1024 2184 et
1047 2126 1175 2187 illas
1194 2127 1254 2185 in
1277 2126 1553 2204 opinione
1572 2125 1787 2184 versari
1809 2125 2187 2197 existimasse,
2205 2143 2238 2182 a
2258 2122 2497 2181 veritate
2524 2121 2678 2181 haud
2733 2156 2738 2159 -

719 2258 923 2317 parum
952 2253 1218 2300 remotas.
1250 2244 1377 2301 Hoc
1402 2257 1472 2297 ex
1497 2238 1760 2317 plurimis
1784 2237 1927 2296 locis
1946 2236 2135 2295 evinci
2157 2248 2380 2315 posset,
2422 2234 2523 2294 sed
2549 2255 2685 2295 nus-

720 2373 895 2431 quam
916 2354 1271 2414 ma‘nifestius
1288 2366 1529 2433 apparet
1545 2373 1721 2431 quarn
1736 2352 1797 2410 in
1822 2351 2096 2437 Philebo:
2114 2341 2231 2429 Ἆρ’
2254 2342 2341 2411 οῧν
2364 2349 2680 2422 ἐννοήσας...

719 2472 791 2537 ὥς
818 2473 875 2529 αἱ
914 2468 1109 2530 πολλαὶ
1136 2468 1322 2549 τέχναι
1349 2467 1442 2529 καὶ
1469 2466 1591 2528 ὅσαι
1623 2468 1747 2549 περὶ
1771 2471 1942 2528 ταῦτα
1967 2465 2296 2540 πεπόνηνται
2313 2512 2328 2540 ,
2349 2470 2560 2547 πρῶτον
2592 2465 2691 2543 μὲν

722 2577 892 2647 δόξαις
917 2582 1187 2660 χρῶνται,
1207 2579 1298 2639 καὶ
1326 2578 1396 2639 τὰ
1414 2579 1537 2661 περὶ
1566 2577 1718 2649 δόξας
1742 2582 1958 2652 ζητοῦσι
1986 2576 2412 2658 ξυντεταγμένως
2425 2599 2444 2653 ;
2474 2576 2579 2636 εἴτε
2598 2576 2689 2636 καὶ

722 2695 846 2775 περὶ
873 2694 1075 2775 φύσεως
1100 2696 1323 2778 ἡγεῖται
1340 2721 1421 2766 τις
1447 2699 1620 2771 ζητεῖν
1636 2741 1653 2771 ,
1678 2687 1807 2759 οἶσθ’
1840 2696 1922 2757 ὅτι
1948 2698 2017 2758 τὰ
2044 2697 2167 2779 περὶ
2199 2695 2285 2756 τὸν
2316 2695 2514 2773 κόσμον
2542 2692 2690 2753 τόνδε

723 2811 828 2885 ὅπη
860 2811 1068 2892 γέγονε,
1097 2813 1188 2888 καὶ
1213 2811 1318 2887 ὅπη
1348 2814 1547 2893 πάσχει
1575 2837 1628 2872 τι
1655 2811 1746 2872 ἑαὶ
1768 2811 1875 2884 ὅπη
1903 2813 2204 2871 ποιεῖ.ζ.....
2233 2811 2366 2869 Οὐδ’
2408 2808 2512 2893 &spot
2549 2813 2690 2883 νοῦς,

728 2924 846 2983 οὐδέ
875 2947 956 2989 τις
983 2923 1254 3000 ἐπιστήμη
1279 2924 1403 3004 περὶ
1440 2923 1575 2981 αὐτὰ
1602 2925 1715 2981 ἐστι
1745 2922 1806 2980 τὸ
1834 2919 2179 2979 ἀλεθέστατον
2208 2918 2425 2999 ἔχουσα.
2455 2918 2688 2977 Phileb.

727 3055 860 3113 pag.
898 3042 1019 3106 401,
1050 3033 1111 3092 b.
1146 3034 1205 3092 d.
1244 3035 1415 3095 Edit.
1448 3031 1705 3116 Francf.
1739 3036 1882 3092 Cum
1913 3013 2123 3111 igitur,
2155 3032 2475 3092 secundum
2505 3033 2694 3110 ipsum

726 3152 1024 3209 Platonem
1048 3193 1065 3222 ‚
1101 3151 1203 3229 qui
1224 3197 1240 3224 ,
1267 3171 1427 3210 more
1456 3150 1828 3229 physicorum
1848 3197 1864 3227 ,
1910 3150 2208 3228 quomodo
2240 3149 2492 3207 mundus
2512 3148 2697 3205 factus

729 3267 800 3322 sit
825 3264 1202 3342 investigant,
1237 3282 1355 3320 non
1399 3263 1471 3319 ad
1510 3263 1653 3320 illud
1682 3264 1841 3338 quod
1866 3282 2066 3320 verum
2099 3262 2307 3319 merito
2335 3260 2447 3317 dici
2478 3271 2698 3336 potest,

797 3535 871 3602 (l)
906 3537 987 3584 Ita
1034 3534 1333 3585 Moslnemius
1356 3571 1368 3594 ,
1408 3532 1471 3580 de
1511 3532 1781 3581 Creatione
1820 3548 1882 3581 ex
1920 3530 2118 3580 nihilo:
2141 3532 2241 3594 Qui
2276 3533 2453 3593 Deum,
2494 3531 2705 3584 Platone

732 3618 914 3680 judice,
961 3615 1207 3665 mundum
1231 3630 1291 3663 ex
1318 3612 1414 3662 illis
1457 3629 1566 3677 quae
1597 3630 1698 3662 non
1732 3625 1896 3673 erant,
1920 3611 2225 3663 fabricatum
2272 3630 2376 3664 esse
2408 3616 2698 3680 opinantur,

731 3697 861 3752 nihil
895 3715 1104 3765 usquam
1143 3697 1399 3761 reperiunt
1442 3712 1542 3760 quo
1582 3712 1632 3744 se
1657 3706 1847 3762 tegant,
1891 3712 1984 3745 nec
2021 3706 2139 3745 ante
2180 3695 2442 3762 perficient
2474 3695 2663 3763 aliquid
2685 3739 2697 3761 ,

733 3805 887 3855 quam
910 3788 1075 3853 ipsum
1113 3786 1355 3834 Timaeum
1375 3794 1464 3834 aut
1491 3783 1801 3843 sustulerint,
1830 3794 1918 3832 aut
1943 3783 2165 3832 Platonis
2192 3800 2320 3848 opus
2352 3799 2457 3833 esse
2489 3798 2701 3850 negave-

735 3875 859 3922 rint.
888 3892 908 3916 ι
956 3872 1061 3920 Nos
1103 3879 1270 3917 autem
1297 3867 1597 3916 sententiam
1624 3877 1852 3917 nostram
1891 3864 2176 3932 approbare
2205 3864 2520 3926 conabimur,
2546 3880 2704 3932 neque

727 3958 974 4007 Timaeum
995 3952 1331 4015 sustollenteS‚
1365 3965 1524 4016 neque
1544 3948 1771 4001 Platonis
1797 3967 1922 4017 opus
1946 3968 2051 4002 esse
2074 3962 2339 4018 negantes.
