3094 4963
1644 508 1715 565 4¹

700 637 787 696 καὶ
842 638 978 698 κατὰ
1020 637 1189 698 ταυτὰ
1235 638 1409 718 ἔχοντι
1437 642 1631 717 ἑαυτῷ,
1679 637 1990 714 ὁμοιότατον
2035 629 2167 698 εἶναι
2203 641 2400 721 ψυχήν.
2433 638 2680 716 Phaedo,

699 759 799 811 (50.
836 755 896 812 (1.
926 755 1415 849 Quotiescumque
1442 755 1517 813 ad
1556 754 1615 812 id
1652 754 1811 832 quod
1837 774 2049 832 purum
2070 768 2129 813 et
2154 757 2570 836 sempiternum
2592 771 2681 817 est

594 928 599 931 .
697 871 889 926 anima
930 888 989 927 se
1036 868 1281 941 confert,
1326 868 1428 940 illi,
1463 881 1738 945 tanquam
1773 868 1953 945 ipsius
1980 881 2225 946 cognata
2259 870 2330 928 sit
2371 884 2431 929 et
2464 871 2675 939 affinis,

696 987 949 1044 adhaeret
971 988 1263 1061 tenaciter,
1312 998 1486 1063 atque
1526 1006 1688 1044 suam
1739 977 1863 1045 esse
1916 987 2230 1064 regionem,
2277 1008 2454 1065 quam
2496 990 2678 1063 νοητὸς

699 1100 848 1157 οὐσία
876 1120 992 1158 una
1005 1100 1242 1173 incolat,
1259 1099 1582 1178 profitetur.
1609 1099 1781 1159 Ὅταν
1811 1099 1869 1159 δέ
1893 1123 1954 1178 γε
1980 1098 2113 1172 αὑτὴ
2128 1103 2253 1160 καθ’
2283 1102 2449 1175 αὑτὴν
2479 1109 2680 1183 σκοπῇ,

701 1215 866 1270 ἐκεῖσε
886 1211 1093 1292 οἴχεται
1121 1215 1193 1281 εἷς
1219 1210 1280 1272 τὸ
1301 1211 1532 1292 καθαρόν
1559 1235 1617 1271 τε
1644 1213 1734 1271 καὶ
1757 1212 1841 1272 ἀεὶ
1863 1211 1943 1285 ὃν,
1972 1212 2064 1272 καὶ
2091 1213 2372 1286 ἀθάνατον,
2394 1217 2487 1275 καὶ
2502 1214 2680 1275 ὡσαύ-

700 1349 802 1390 τως
826 1326 946 1405 ἔχον
962 1346 974 1358 ·
1006 1325 1117 1400 καὶ,
1135 1328 1206 1392 ὣς
1227 1324 1480 1406 συγγενὴς
1503 1316 1635 1384 οῧσα
1656 1324 1832 1398 αὐτοῦ,
1854 1323 1956 1407 αἰεὶ
1980 1326 2096 1400 μετ’
2122 1323 2323 1384 ἐκείνου
2345 1349 2405 1385 τε
2424 1326 2678 1406 γίγνεται,

702 1442 825 1500 ὅταν
854 1466 957 1522 περ
986 1441 1120 1516 αὐτὴ
1164 1442 1452 1515 καθἀὑτὴν
1495 1440 1745 1519 γεννήται
1770 1441 1863 1502 καὶ
1897 1439 1986 1520 ἐξῇ
2016 1441 2170 1519 αὓτῇ.
2212 1443 2459 1514 Phanio,
2491 1445 2585 1502 60.
2609 1444 2672 1508 b.

703 1558 776 1616 cf.
809 1560 905 1616 63.
945 1578 993 1618 c.
1028 1556 1173 1616 Inde
1200 1557 1454 1615 animam
1479 1557 1641 1637 φυτὸν
1665 1555 1904 1635 οὐρανίαν
1934 1556 2174 1635 (Timoe.
2210 1560 2380 1629 1087.
2412 1562 2488 1631 c.)
2514 1560 2677 1618 Plato

704 1682 892 1729 vocat.
952 1670 1041 1727 Nil
1089 1669 1266 1747 igitur
1307 1670 1518 1729 mirum
1560 1671 1608 1728 si
1656 1670 1883 1728 animus
1922 1682 2118 1727 noster
2146 1669 2278 1727 idea
2320 1670 2585 1746 quaedam
2612 1672 2677 1729 in

703 1788 986 1846 Thea-teto
1015 1798 1403 1866 nuncupatur.
1427 1786 1591 1847 Ἀλλὰ
1614 1787 1689 1864 μὴ
1721 1790 1795 1853 εἰς
1819 1785 1945 1862 μίαν
1965 1808 2081 1845 τινα
2109 1785 2272 1856 ἰδέαν,
2299 1786 2403 1845 εἴτε
2418 1786 2645 1866 ψυχὴν..
2662 1834 2675 1847 .

703 1901 881 1959 πάντα
902 1905 1070 1960 ταῦτα
1100 1898 1369 1967 ξυντείνει.
1403 1900 1532 1958 135.
1562 1898 1787 1958 a.Ideae
1811 1900 2024 1957 etenim
2055 1899 2536 1970 vim‚essentiam,
2560 1900 2676 1959 im-

704 2015 1134 2087 mortalitatem,
1156 2027 1215 2073 et
1235 2013 1521 2091 quidquid
1543 2012 1729 2072 divini
1755 2011 1990 2085 habeat,
2011 2012 2073 2070 in
2088 2012 2279 2071 anima
2298 2012 2484 2071 inesse
2509 2032 2681 2072 cons-

709 2144 813 2191 tat.

785 2248 914 2301 Non
941 2244 1116 2304 modo
1141 2245 1306 2304 Plato
1348 2245 1601 2303 animam
1624 2257 1684 2303 et
1710 2245 1870 2305 ideas
1896 2245 2099 2304 eodem
2129 2244 2192 2303 in
2221 2245 2351 2301 loco
2383 2243 2681 2321 dignitatis

703 2358 1059 2437 honorisque
1084 2360 1350 2433 collocat,
1379 2359 1480 2419 sed
1522 2359 1694 2418 etiam
1737 2359 1966 2418 videtur
2004 2377 2427 2435 nonnunquam
2472 2359 2682 2416 animae

702 2477 1115 2553 praestantiam,
1148 2466 1264 2553 qua
1304 2475 1453 2535 inter
1495 2476 1609 2534 alia
1657 2494 1789 2551 quae
1837 2487 2029 2533 mente
2078 2466 2677 2553 percipiuntur'entia

701 2595 939 2667 eminet,
996 2593 1302 2654 addidisse.
1349 2595 1448 2652 Ait
1491 2595 1556 2652 in
1599 2592 1841 2652 Philebo
1877 2593 2164 2671 quidquid
2194 2592 2337 2651 boni
2375 2593 2678 2672 pulchrive

698 2709 880 2787 possit
898 2710 1236 2789 excogitari,
1261 2711 1323 2769 in
1344 2711 1537 2770 anima
1559 2711 1963 2770 tantummodo
1986 2710 2290 2768 contineri.
2329 2707 2511 2781 Μηδὲν
2536 2711 2677 2788 ἄγοι-

698 2826 789 2887 obv
839 2818 974 2889 εἶναι
1019 2827 1154 2906 μηδὲ
1185 2828 1379 2900 καλὸν,
1424 2830 1562 2907 μήτε
1599 2833 1652 2889 ἐν
1696 2829 1935 2908 σώμασι,
1982 2829 2106 2906 μήτ’
2153 2832 2207 2888 ἐν
2239 2830 2453 2896 πολλοῖς
2481 2827 2682 2916 ἄλλοις,

697 2942 836 3014 πλὴν
854 2945 910 3001 ἐν
934 2945 1101 3023 ψυχῇ.
1120 2946 1252 3020 398.
1269 2944 1308 3001 f.
1321 2948 1733 3023 Saepenumero
1751 2945 2001 3004 affirmat
2017 2956 2266 3002 mentem
2285 2943 2428 3000 nulli
2442 2941 2685 3000 omnino

698 3045 916 3113 entium
962 3056 1170 3132 inesse,
1225 3057 1334 3117 nisi
1382 3057 1614 3130 animae3
1642 3056 1840 3117 abesse
1863 3057 2323 3135 intelligentiam,
2353 3055 2508 3113 unde
2532 3053 2687 3113 absit

700 3171 916 3254 anima,
943 3171 1237 3249 praedicat.
1255 3169 1423 3246 Λόγον
1456 3170 1511 3231 δὲ
1539 3169 1726 3231 οὗδένα
1749 3169 1867 3231 οὐδὲ
1894 3177 2011 3231 νοῦν
2044 3174 2117 3238 εἷς
2147 3168 2290 3228 οῦδὲν
2323 3166 2519 3226 δυνατὰ
2539 3165 2684 3246 ἔχειν

662 3265 671 3274 ¹
701 3281 839 3342 ἐστί·
871 3288 974 3343 τῶν
1004 3286 1106 3364 γὰρ
1135 3284 1298 3343 ὄντων
1329 3275 1373 3365 ᾧ
1399 3289 1517 3343 νοῦν
1543 3286 1689 3364 μόνῳ
1710 3289 1936 3346 κτᾶσθαι
1956 3283 2238 3363 προσήκει,
2257 3280 2464 3356 λεκτέον
2479 3278 2683 3357 ψυχήν.

708 3397 907 3457 Timae.
942 3396 1189 3472 1057.e;
1207 3398 1282 3456 cf.
1323 3401 1495 3466 1048.
1527 3419 1584 3472 a;
1620 3397 1694 3457 cf.
1724 3397 2055 3477 Soph.164.
2088 3395 2147 3453 d.
2181 3395 2270 3453 Ad
2297 3409 2606 3463 summam,
2631 3392 2684 3449 si

700 3513 996 3572 Platonem
1026 3529 1319 3574 auctorem
1340 3515 1662 3593 sequimur,
1692 3516 1866 3573 vitam
1897 3513 2141 3589 cunctis,
2173 3531 2304 3589 quae
2338 3510 2399 3566 in
2437 3525 2683 3565 numero

703 3636 839 3681 sunt
864 3626 1156 3705 vivorum,
1182 3628 1374 3685 anima
1392 3628 1674 3706 impertit,
1705 3627 1824 3685 imo
1851 3627 2046 3684 omnia
2085 3626 2145 3683 in
2188 3622 2561 3682 universitate
2588 3639 2685 3677 re-

703 3755 830 3796 rum
862 3753 1127 3816 procreat
1158 3754 1215 3798 et
1250 3741 1521 3800 instituit.
1555 3740 1794 3801 Ὀπόταν
1830 3738 2004 3821 ψυχὴν
2044 3738 2097 3797 ἔν
2136 3761 2273 3797 τισιν
2303 3740 2535 3815 δρῶμεν,
2569 3736 2684 3812 μῶν

702 3852 832 3910 ἄλλο
873 3851 907 3923 ἢ
946 3852 1132 3912 ταυτὸν
1187 3852 1348 3936 τούτῳ
1376 3857 1468 3927 ζῆν
1507 3851 1890 3932 δμολογητέον;
1916 3885 1989 3898 -·
2013 3846 2132 3912 Οὔκ
2159 3850 2309 3910 ἄλλο.
2345 3849 2437 3906 De
2457 3847 2570 3924 leg.
2603 3849 2683 3917 X,

706 3964 847 4041 951‘.
872 3967 910 4026 f.
944 3957 1057 4045 Ἆρ’
1092 3959 1178 4026 οὗν
1202 3969 1263 4027 τὸ
1292 3969 1428 4045 μετὰ
1452 3973 1605 4027 τοῦτο
1622 3969 1896 4046 ὁμολογεῖν
1926 3971 2236 4046 ἀναγκαῖον,
2263 3966 2367 4024 τῶν
2392 3986 2448 4021 τε
2473 3961 2685 4040 ἀγαθῶν
