3094 4963
1361 553 1428 607 tv

404 704 590 750 *vacuo
618 692 896 770 positum,
932 694 1014 765 (1)
1065 701 1121 746 et
1157 687 1343 765 spatio
1394 687 1762 764 agitationem
1808 689 2149 766 assignatam
2186 688 2380 749 fuisse.

489 812 616 866 Non
643 827 750 867 nos
773 806 1047 886 impediet
1061 804 1220 885 quod
1235 803 1399 862 nobis
1416 823 1632 861 novum
1645 803 2004 865 obstaculum
2024 825 2147 865 esse
2164 807 2392 864 volunt.

404 921 619 981 scilicet
643 922 766 982 haec
787 920 1117 1002 philosophi
1139 918 1292 978 dicta
1313 917 1528 996 quibus
1550 919 1764 977 malum
1785 932 1843 977 et
1865 920 2170 979 necessitas
2192 939 2389 997 recep-

410 1037 598 1094 taculo
622 1049 681 1096 et
711 1034 836 1114 ejus
865 1033 1051 1096 motui
1075 1032 1369 1093 adhaerere
1389 1028 1739 1091 referuntur.
1773 1032 1976 1110 Specie
2002 1031 2183 1110 magis
2208 1052 2385 1110 quam

409 1167 470 1206 re
487 1168 661 1227 grave
679 1148 953 1227 objicitur
969 1157 1396 1226 argumentum.
1428 1146 1655 1204 Etenim
1686 1165 1806 1223 quo
1828 1146 2069 1225 propior
2095 1146 2279 1205 nihilo
2295 1158 2390 1205 est

411 1259 698 1320 celebrata
715 1262 812 1320 illa
832 1259 1088 1319 Platonis
1109 1258 1368 1331 materia,
1382 1277 1452 1316 eo
1475 1257 1697 1343 facilius
1714 1277 1840 1317 eam
1857 1278 1986 1318 esse
1999 1259 2168 1337 quasi
2190 1278 2382 1337 quem·

409 1371 541 1431 dam
583 1374 717 1433 mali
740 1372 963 1433 fontem
985 1372 1346 1450 intelligitur,
1377 1383 1439 1430 et
1464 1382 1739 1447 tanquam
1777 1390 1989 1430 caecum
2019 1372 2202 1432 fatum
2231 1373 2381 1450 quod

408 1484 484 1543 ab
511 1486 640 1564 ipso
667 1491 792 1546 Deo
818 1483 940 1545 tolli
970 1495 1240 1560 nequeat.
1273 1487 1417 1540 Nam
1438 1482 1679 1559 quando
1699 1502 1804 1543 ens
1828 1503 2030 1544 verum
2058 1497 2116 1545 et
2145 1486 2385 1549 absolu·
2485 1546 2489 1551 ,

405 1610 527 1656 tum
557 1614 665 1679 per
690 1621 752 1662 se
790 1622 1083 1664 summum
1120 1603 1346 1661 bonum
1382 1613 1441 1660 et
1483 1599 1860 1677 intelligentia
1885 1608 2115 1681 summa¹
2136 1613 2257 1672 est,
2301 1601 2382 1659 nil

408 1710 617 1769 mirum
645 1733 778 1772 cum
806 1717 958 1774 malo
988 1728 1049 1774 et
1086 1714 1420 1773 necessitate
1450 1684 1826 1786 conjunctum
1849 1729 1975 1769 esse
1995 1711 2162 1788 quod
2187 1714 2384 1791 aliquo

405 1825 583 1884 modo
604 1824 725 1884 enti
751 1827 1105 1885 contrarium
1127 1837 1214 1885 est
1235 1837 1294 1884 et
1316 1824 1675 1903 oppositum.

487 1944 680 2018 Nunc,
732 1942 842 2001 nisi
884 1941 1156 2014 fallimur,
1199 1939 1326 2019 jam
1368 1941 1430 1998 in
1457 1939 1676 1998 Timaeo
1704 1939 1848 1997 nihil
1885 1954 1975 2000 est
2011 1941 2171 2031 quod
2214 1943 2383 2003 nobis

405 2055 556 2114 viam
599 2055 900 2116 obstruere
927 2069 1027 2117 aut
1053 2076 1164 2117 nos
1190 2056 1265 2116 ab
1292 2056 1529 2134 incoepti
1558 2055 1733 2135 hujus
1759 2056 1951 2134 operis
1992 2076 2170 2136 scopo
2188 2078 2384 2119 arcere

408 2170 616 2233 valeat.
653 2176 738 2228 Ex
764 2172 923 2230 nulla
940 2171 1117 2249 hujus
1143 2170 1356 2249 dialogi
1377 2183 1541 2250 parte
1569 2170 1837 2249 colligere
1854 2171 2022 2229 liceat
2047 2191 2081 2230 a
2106 2176 2232 2232 Deo
2252 2174 2382 2232 Pla·-

410 2283 560 2341 tonis
578 2302 653 2342 ex
675 2297 887 2344 aeterna
910 2281 1147 2344 materia
1172 2285 1453 2343 elementa
1473 2303 1667 2341 rerum
1692 2281 2047 2343 sensibilium
2073 2298 2131 2344 et
2144 2305 2376 2346 omnem

322 2401 345 2415 ‘
409 2397 585 2464 hunc,
612 2397 714 2474 qui
737 2397 863 2458 visu
895 2397 1233 2477 percipitur,
1250 2396 1535 2456 mundum
1563 2409 1906 2474 exprompta
1925 2409 1987 2454 et
2010 2398 2166 2457 edita
2184 2398 2378 2460 fuisse.

1344 2772 1421 2833 11.

472 3124 768 3202 Superiori
788 3125 918 3183 loco
941 3127 1272 3186 monuimus
1295 3128 1505 3189 frustra
1522 3130 1585 3188 in
1606 3130 1822 3188 Timaeo
1842 3131 2220 3191 decretoriam
2241 3136 2378 3194 Pla-¹

396 3239 548 3298 tonis
589 3239 664 3298 de
691 3240 893 3319 primis
919 3240 1222 3321 principiis
1250 3243 1534 3304 rationem
1575 3231 1988 3324 inquirendam
2013 3270 2167 3323 esse,
2214 3272 2370 3330 quo-

392 3354 543 3413 niam
573 3355 686 3413 hoc
712 3354 774 3412 in
799 3353 953 3412 libro
989 3354 1394 3436 philosophus,
1443 3359 1697 3438 physicae
1743 3361 2195 3441 investigationi,
2243 3378 2374 3423 tan-

317 3443 323 3448 *
390 3487 566 3545 quam
595 3469 840 3526 honesto
871 3465 1323 3543 oblectamento,
1353 3471 1606 3546 deditus,
1639 3475 1963 3534 verisimilia
1994 3489 2220 3537 tantum
2246 3497 2376 3537 sec-

394 3592 570 3655 tatur,
607 3592 665 3637 et
696 3580 762 3639 iis
784 3600 845 3640 se
873 3593 1211 3641 contentum
1251 3602 1375 3643 esse
1412 3604 1530 3644 non
1557 3585 1859 3647 infitiatur.
1894 3592 2037 3664 Quae
2078 3602 2271 3649 autem
2301 3610 2372 3650 ex

452 3830 533 3898 (l)
559 3828 641 3881 Cf.
667 3828 843 3881 Arist.
874 3831 941 3880 de
964 3829 1096 3882 Coel.
1129 3832 1218 3897 lv,
1251 3832 1303 3899 2,
1324 3851 1442 3903 pag.
1469 3838 1588 3889 487.
1610 3847 1852 3905 ἀναγκαῖον
1887 3846 1937 3894 3}
1952 3850 2080 3914 εἴπερ
2098 3856 2283 3898 κινεῖται
2318 3855 2372 3902 τὸ

392 3924 532 3974 κενόν,
561 3917 788 3967 ebatum
804 3919 945 3970 αὐτοῦ
962 3926 1174 3971 τόποι...
1198 3926 1312 3988 πρὸς
1331 3923 1379 3972 δι’
1408 3924 1583 3982 τούτοις
1604 3930 1650 3975 τί
1673 3933 1762 3983 τῆς
1783 3930 1990 3985 κινήσεως
2018 3934 2073 3979 τὸ
2107 3935 2276 3996 afran?
2316 3937 2366 3983 tr)

390 4005 482 4068 γὰρ
507 4001 563 4058 δὴ
583 4007 636 4051 τό
659 4020 709 4066 γε
726 4010 867 4058 κενόν,
2043 4073 2083 4136 2
