3094 4963
1665 470 1738 522 34

508 610 525 619 ‘
610 607 617 612 '
716 594 949 674 γίγνεται
982 592 1077 672 μὲν
1107 592 1207 673 γὰρ
1243 595 1302 651 ἐκ
1345 597 1448 652 τῶν
1480 567 1751 672 ζτριγώνων
1784 586 1856 654 ὧν
1895 594 2255 676 προῃρήμεθα,
2284 595 2411 673 γένη
2440 595 2688 674 τέτταρα.

718 709 879 770 Ibid.
917 709 1095 767 1062.
1131 707 1172 765 f.

799 826 965 880 Nunc
985 840 1055 879 eo
1075 819 1359 890 venimus»,
1376 832 1439 876 ut
1457 839 1574 897 qna
1595 819 1815 877 ratione
1836 834 2264 897 componantur
2280 822 2692 900 illaecorporeae

720 946 941 994 naturae
977 934 1365 1012 attingamus;
1405 934 1428 1010 (
1444 933 1663 1009 quippe
1690 932 1984 1010 copiosius
2010 932 2201 990 dicere
2232 945 2318 991 est
2343 951 2688 1011 supervaca-

719 1046 947 1128 neum).
973 1048 1119 1107 Satis
1140 1061 1330 1105 autem
1352 1065 1474 1104 esse
1490 1045 1861 1116 arbitramur,
1878 1046 1927 1104 si
1947 1046 2293 1124 exponimus
2315 1066 2385 1103 cx
2409 1046 2694 1123 triangulo

719 1162 941 1221 isosceli
966 1161 1075 1220 sibi
1102 1161 1310 1240 saepius
1337 1160 1615 1238 adjuncto
1638 1205 1653 1233 ,
1685 1161 1825 1219 oriri
1852 1159 2111 1219 cubicam
2140 1160 2382 1239 figuram
2399 1204 2417 1234 ,
2454 1160 2696 1233 κυὸικὸν,

718 1295 850 1354 quae
871 1276 1217 1334 elementum
1241 1287 1298 1332 et
1319 1273 1755 1352 quodammodo
1777 1293 1971 1333 semen
1994 1286 2079 1333 est
2110 1286 2274 1336 terrae
2294 1277 2579 1355 (στοιχεῖον
2604 1276 2694 1335 καὶ

721 1385 957 1472 σπέρμα.
981 1392 1151 1455 1064.
1172 1390 1286 1467 b.)‚·
1316 1405 1490 1469 atque
1508 1413 1579 1450 ex
1611 1392 1898 1470 triangulo
1918 1390 2084 1469 cujus
2101 1391 2279 1450 latera
2304 1411 2539 1470 prorsus
2562 1407 2698 1453 sunt

719 1505 1054 1583 inaequalia‚
1083 1517 1347 1563 constare
1382 1504 1743 1581 pyramidem
1771 1502 2108 1581 quamdam,
2137 1503 2286 1583 ignis
2318 1506 2693 1583 elementum,

723 1633 782 1679 et
801 1620 914 1678 alia
934 1620 1052 1678 duo
1074 1619 1281 1691 solida,
1305 1618 1463 1677 unde
1491 1638 1589 1677 aer
1614 1632 1673 1678 et
1689 1639 1841 1698 aqua
1864 1631 2213 1697 generantur
2247 1617 2362 1700 (1).
2395 1600 2536 1694 Quae
2558 1622 2698 1698 qui-

723 1737 856 1796 dem
879 1736 928 1795 si
956 1747 1146 1795 essent
1167 1734 1497 1812 diligentius
1517 1733 1916 1812 explananda,
1951 1735 2042 1793 his
2081 1733 2385 1812 generibus
2412 1754 2701 1795 annume-

725 1848 908 1910 randa
934 1849 1083 1906 foret
1107 1846 1354 1904 medulla
1379 1887 1397 1917 ,
1440 1865 1572 1935 quae
1597 1846 1945 1923 peculiarem
1980 1865 2055 1906 ex
2082 1846 2380 1926 triangulis
2406 1848 2704 1926 composi-

731 1965 947 2022 tionem
968 1959 1148 2018 habet
1169 1958 1279 2033 (2).

806 2082 998 2152 Quum
1028 2073 1224 2135 omnia
1251 2091 1323 2141 ex
1350 2070 1565 2148 quibus
1602 2069 1856 2129 mundus
1895 2073 1992 2133 ille
2030 2072 2314 2134 sensibilis
2345 2087 2591 2148 constat,
2636 2078 2705 2135 in

729 2191 848 2249 duo
878 2208 1121 2268 genera,
1153 2187 1505 2246 substantias
1532 2205 1743 2265 nempe
1775 2198 1950 2264 atque
1977 2185 2300 2265 qualitates,
2331 2187 2705 2263 dividantur3

730 2308 1079 2370 substantias
1098 2305 1261 2366 Plato
1279 2307 1342 2364 in
1366 2303 1685 2363 individuis
1708 2304 2009 2384 triangulis
2029 2306 2293 2379 collocat,
2314 2307 2404 2366 vel
2425 2308 2486 2365 in
2506 2308 2709 2369 solidis

730 2434 788 2481 et
814 2418 1123 2500 generibus
1141 2415 1457 2495 corporeis,
1482 2434 1615 2493 quae
1643 2436 1716 2472 ex
1745 2415 2024 2475 alterutro
2054 2417 2471 2497 triangulorum
2496 2439 2707 2499 genere

733 2528 1088 2604 conflantur5
1115 2529 1418 2607 qualitates
1433 2547 1573 2586 vero
1592 2526 1737 2585 nihil
1754 2546 1877 2588 esse
1893 2528 2050 2588 aliud
2074 2529 2184 2589 nisi
2206 2545 2399 2602 motus
2417 2543 2474 2590 et
2495 2533 2709 2610 figuras

732 2666 1063 2726 corporum,
1085 2657 1280 2723 atque,
1297 2663 1370 2703 ex
1390 2643 1498 2706 alia
1516 2657 1699 2723 parte,
1713 2645 1897 2706 animi
1918 2663 2118 2705 sensus
2135 2643 2516 2724 affectusque,
2545 2648 2706 2708 affir-

735 2775 854 2823 mat
870 2760 988 2843 (3).
1009 2760 1156 2820 Inde
1177 2760 1393 2821 factum
1412 2772 1499 2821 est
1519 2772 1588 2821 ut
1608 2760 1942 2824 Aristoteles
1958 2762 2255 2820 Platonem
2274 2760 2489 2823 dixerit
2507 2781 2713 2823 omnes

805 3023 882 3093 (1)
905 3022 1041 3090 Ignis
1061 3021 1362 3074 elementum
1381 3031 1460 3072 est
1481 3018 1728 3087 pyramis,
1755 3021 1897 3089 cujus
1912 3020 2050 3073 basis
2070 3019 2702 3089 triangulusaequilaterus.

738 3108 879 3159 Aeris
898 3105 1201 3158 elementum
1223 3116 1300 3157 est
1314 3104 1543 3170 regulare
1566 3103 1888 3167 octaedrum‚
1929 3106 2071 3173 cujus
2091 3104 2244 3172 plana
2273 3103 2513 3172 trianguli
2544 3103 2706 3169 mqui-

738 3189 902 3242 lateri.
942 3192 1095 3257 Aquae
1112 3188 1416 3241 elementum
1439 3198 1517 3240 est
1542 3187 1771 3256 regulare
1793 3195 2099 3262 εἰκοσάεδρον.
2120 3186 2241 3241 Vid.
2274 3188 2450 3244 Timoe.
2484 3188 2639 3252 1063,
2660 3196 2717 3237 et

738 3271 925 3327 Gallie.
950 3289 1082 3325 vers.
1111 3273 1178 3323 V.
1201 3272 1408 3335 Cousin,
1431 3273 1553 3337 XII,
1589 3289 1644 3338 p.
1666 3272 1786 3323 165.

807 3357 1025 3423 (2)Αὐτὸς
1046 3360 1094 3409 δὲ
1110 3361 1134 3410 ὁ
1151 3352 1318 3423 μυελὸς
1335 3364 1514 3421 γέγονεν
1535 3361 1589 3417 ἐξ
1601 3359 1770 3407 ἄλλων·
1794 3357 1883 3408 τῶν
1905 3362 1996 3425 γὰρ
2019 3363 2247 3427 τριγώνων
2262 3358 2345 3407 ὅσα
2359 3361 2525 3422 πρῶτα
2536 3359 2721 3423 dorpa-

745 3445 801 3503 ὅῆ
819 3446 896 3495 καὶ
921 3446 1020 3494 λεῖα
1037 3447 1166 3503 ὄντα,
1198 3463 1240 3493 κ.
1262 3461 1311 3494 τ.
1329 3444 1375 3491 λ.
1400 3438 1584 3490 Timoe.
1606 3439 1735 3490 1075
1762 3435 1818 3489 d·

759 3560 766 3567 -
812 3524 887 3588 (3)
911 3522 1032 3574 vid.
1062 3522 1240 3573 Tfmoe.
1266 3540 1318 3588 p.
1340 3523 1490 3572 1067.
1512 3538 1540 3572 e
1560 3521 1783 3572 -1072,
1807 3537 1858 3572 c.
1879 3521 1991 3571 Hoc
2007 3520 2060 3570 in
2075 3518 2210 3571 libro
2231 3518 2481 3585 copiosius
2497 3515 2720 3582 explicat

745 3601 892 3655 Plato
910 3600 1172 3668 quomodo
1190 3601 1557 3654 elementorum
1580 3598 1855 3652 collocatio
1883 3612 2173 3668 motusque,
2194 3612 2248 3652 et
2277 3597 2437 3652 animi
2453 3598 2722 3666 passiones

748 3684 1049 3755 (παθήματα)
1076 3684 1373 3752 genuerint=
1402 3685 1449 3733 1.
1480 3681 1705 3734 calorem
1738 3695 1792 3735 et.
1824 3681 2002 3749 frigus,
2029 3686 2161 3736 1067
2181 3683 2237 3738 d.
2261 3702 2277 3748 ς
2299 3683 2353 3737 2.
2397 3681 2638 3733 duritiem
2667 3691 2721 3731 et

749 3765 1034 3833 mollitiem,
1080 3768 1227 3822 1068.
1251 3765 1311 3825 b;
1338 3772 1389 3820 3.
1421 3766 1679 3819 levitatem
1703 3777 1755 3818 et
1772 3769 2093 3834 gravitatem,
2129 3767 2279 3820 1068.
2306 3764 2370 3832 b3
2397 3765 2449 3816 4.
2476 3779 2649 3830 aspera
2670 3773 2724 3812 et

753 3848 899 3916 levia,
927 3848 1075 3901 ⁴069.
1101 3849 1168 3916 b3
1206 3850 1259 3901 ὅ.
1283 3867 1536 3916 saporem,
1564 3852 1713 3902 1070.
1746 3866 1812 3915 05
1853 3851 1902 3899 6.
1922 3848 2152 3913 odorem,
2180 3849 2326 3899 1071.
2355 3864 2382 3897 a
2403 3864 2421 3910 ,·
2446 3849 2495 3899 7.
2517 3862 2720 3899 sonum.

759 3932 907 3983 1071.
936 3949 986 3999 ⁰5
1010 3933 1063 3984 8.
1093 3931 1334 3998 colorem,
1356 3935 1508 3986 1071.
1534 3929 1590 3982 d.
