3094 4963
1662 562 1698 613 3
1716 558 1736 608 3

737 676 885 748 siunt
902 702 1076 767 atque
1094 691 1245 748 inter
1266 691 1420 748 entia
1441 703 1576 748 sunt
1599 687 2080 749 adscribenda.‘²ss
2099 687 2174 765 μὴ
2193 687 2414 767 μίξομεν
2436 689 2706 763 ἀλήθειαν,

737 802 830 859 οὐκ
858 799 921 857 ἄν
948 798 1075 859 ποτὲ
1114 806 1266 860 τοῦτο
1293 800 1499 872 ἀληθῶς
1528 800 1762 878 γίγνοιτο
1783 846 1798 872 ,
1826 800 1936 858 οὔδ’
1965 798 2027 857 ἂν
2053 798 2333 878 γενόμενον
2364 800 2556 873 εἴη.-
2584 801 2710 863 Πῶς

737 916 842 996 γὰρ
867 917 966 989 ἄν;
990 950 1070 963 -—
1088 919 1376 995 Οὐδαμῶς.
1406 918 1567 976 Phil.
1604 927 1737 986 404.
1765 917 1824 977 d.

818 1029 906 1088 Ea
935 1030 1212 1088 affinitate
1241 1029 1531 1089 sensibilia
1561 1052 1691 1089 cum
1723 1029 2064 1108 intelligibili
2104 1030 2323 1088 mundo
2348 1033 2709 1110 conjungun-

741 1160 858 1221 tur,
901 1147 984 1204 ita
1009 1146 1182 1204 etiam
1221 1146 1374 1204 inter
1398 1166 1470 1212 ,se
1499 1147 1807 1221 cohaerent,
1833 1159 1898 1205 ut
1939 1167 2073 1205 mox
2102 1167 2218 1224 qua
2246 1159 2412 1225 parte
2448 1147 2716 1205 differant

740 1274 915 1339 atque
935 1261 1336 1342 dissocientur,
1370 1264 1416 1322 si
1441 1264 1804 1322 Aristotelem
1824 1260 2046 1332 audias,
2073 1261 2231 1320 haud
2259 1261 2423 1320 facile
2441 1262 2514 1320 sit
2530 1262 2716 1320 inter-

740 1390 998 1431 noscere.
1032 1370 1285 1445 Etenim,
1318 1392 1451 1430 cum
1487 1372 1561 1430 de
1599 1358 1861 1430 idearum
1886 1371 2151 1431 doctrina
2182 1370 2462 1450 disputat,
2484 1370 2712 1429 easdem

741 1483 891 1563 pene
919 1496 1153 1543 naturas
1190 1486 1252 1542 in
1298 1498 1547 1563 utroque
1569 1470 1813 1557 mundo,
1844 1497 1964 1543 tum
1995 1482 2371 1556 universales,
2398 1496 2514 1542 tum
2544 1484 2719 1543 certis

640 1594 645 1599 ’
740 1596 883 1655 locis
907 1598 966 1654 et
996 1585 1352 1675 temporibus
1380 1586 1668 1669 definitas,
1700 1597 1779 1655 ait
1807 1616 1949 1658 esse.
1980 1594 2113 1655 Οἳ...
2142 1584 2338 1662 ταύτας
2367 1582 2460 1662 τᾶς
2488 1584 2715 1655 καθόλου

743 1705 1033 1786 λεγομένας
1073 1700 1314 1775 ἐξέθεσαν
1333 1729 1344 1743 ·
1398 1692 1537 1766 ὥστε
1588 1691 1866 1784 συμὸαίνει
1916 1705 2104 1785 σχεδὸν
2152 1703 2248 1772 τὰς
2319 1694 2482 1773 αῧτὰς
2540 1704 2720 1785 φύσεις

745 1811 879 1882 εἶναι
932 1822 1026 1888 τὰς
1063 1820 1287 1882 καθόλου
1329 1823 1418 1880 καὶ
1448 1820 1542 1887 τὰς
1574 1822 1914 1881 καθέκασθον.
1972 1823 2111 1879 Met.
2142 1825 2311 1893 XIII,
2341 1841 2437 1894 12,
2471 1842 2531 1900 p.
2566 1822 2706 1897 969.

746 1935 907 1993 Idem
953 1934 1307 2008 Aristoteles,
1355 1935 1414 1991 in
1460 1921 1650 2012 primo
1690 1933 2212 2012 metaphysicorum
2236 1977 2251 2008 ,
2284 1932 2574 1992 sensibilia
2597 1934 2723 1993 sine

747 2071 916 2112 sensu
948 2051 1216 2128 cognosci
1265 2062 1438 2127 atque
1484 2049 1899 2128 comprehendi
1949 2063 2216 2128 oportere
2265 2050 2483 2123 asserit,
2537 2071 2722 2127 quum

747 2166 950 2225 eadem
973 2166 1247 2226 omnibus
1267 2167 1383 2226 sint
1408 2165 1431 2246 (
1452 2170 1619 2246 juxta
1641 2155 1897 2225 Platonis
1911 2165 2201 2244 mentem)
2222 2151 2526 2239 elementa,
2552 2164 2610 2223 id
2639 2179 2725 2225 est

748 2285 1177 2358 intellectualia3
1206 2285 1338 2343 ideo
1367 2285 1589 2349 nullum
1621 2296 1742 2343 esse
1771 2286 1846 2363 τῷ
1871 2276 2106 2362 αἰσθητῷ
2125 2284 2342 2356 locum,
2365 2296 2539 2360 atque
2567 2284 2726 2343 ideas

749 2398 983 2458 tandem
1006 2399 1201 2458 omnia
1223 2397 1344 2456 fore
1365 2419 1377 2454 z
1406 2396 1484 2456 ἔτι
1503 2399 1559 2456 δὲ
1581 2378 1653 2456 iim
1675 2400 1816 2457 ἐστιν
1839 2395 2108 2469 αἴσθησιςς
2131 2402 2299 2455 ταῦτα
2323 2397 2438 2462 πῶς
2466 2395 2529 2454 ἄν
2548 2419 2627 2465 τις
2648 2398 2722 2475 μὴ

749 2515 886 2594 ἔχων
915 2513 1012 2586 τὴν
1041 2511 1281 2585 αἴσθησιν
1312 2511 1493 2589 γνοίη;
1544 2510 1719 2571 καίτοι
1746 2512 1884 2571 ἔδει·
1920 2510 2025 2591 εἴγε
2052 2511 2263 2571 πάντων
2292 2518 2458 2571 ταῦτα
2488 2510 2726 2592 στοιχεῖά

751 2634 921 2703 ἐστιν,
949 2630 1006 2699 ἐξ
1026 2620 1123 2707 ὧν,
1140 2628 1323 2709 ὥσπερ
1346 2633 1402 2688 αἱ
1430 2629 1664 2690 σύνθετοι
1693 2628 1862 2710 φωναί
1887 2633 2016 2691 εἰσιν
2039 2632 2100 2689 ἐκ
2123 2635 2226 2689 τῶν
2251 2629 2548 2710 στοιχείων.
2579 2650 2629 2689 e.
2661 2651 2722 2700 7,

750 2763 809 2821 p.
843 2741 982 2804 855.
1014 2742 1127 2822 (1).
1591 2730 1598 2736 ’
1897 2730 1904 2736 ’

828 2857 1106 2931 Quamvis
1137 2843 1467 2917 Aristoteles
1508 2858 1700 2918 acrius
1737 2859 1797 2916 in
1826 2859 2126 2916 Platonem
2167 2856 2493 2930 invehatur,
2522 2869 2724 2934 atque,

752 2992 885 3060 quae
914 2992 1033 3029 non
1053 2972 1198 3030 adeo
1223 2986 1359 3032 sunt
1398 2972 1833 3051 exprobranda,
1859 2973 2152 3052 carpendo
2184 2972 2495 3051 amplificet
2520 2988 2731 3047 exage-

753 3098 979 3164 retque,
1011 3099 1262 3146 attamen
1295 3087 1359 3146 in
1408 3086 1507 3147 illa
1544 3087 1726 3146 nobili
1777 3088 1848 3146 de
1865 3089 2320 3167 participatione
2341 3085 2540 3144 habita
2568 3084 2727 3162 apud

752 3200 1051 3258 Platonem
1068 3198 1482 3277 disputatione,
1502 3201 1694 3259 nescio
1713 3187 1853 3277 quid
1874 3199 2040 3271 inest,
2052 3199 2211 3276 quod
2226 3198 2526 3258 essentiam
2552 3209 2731 3272 atque

753 3312 1052 3371 veritatem
1080 3312 1154 3371 ab
1185 3314 1253 3373 iis
1275 3313 1531 3386 entibus,
1564 3334 1694 3392 quae
1719 3313 2008 3373 sensibilia
2035 3314 2334 3386 dicuntur,
2360 3311 2637 3391 paulatim
2664 3312 2731 3369 in

753 3440 996 3488 aeternas
1013 3427 1173 3489 ideas
1189 3429 1512 3489 transferat.
1547 3434 1783 3489 Fatetur
1798 3428 1952 3487 enim
1980 3430 2144 3487 Plato
2165 3449 2225 3487 se
2251 3445 2487 3507 prorsus
2508 3427 2733 3485 nescire

754 3560 874 3618 quo
885 3554 1058 3619 pacto
1088 3542 1399 3619 quicquam
1429 3542 1553 3614 fiat,
1581 3542 2025 3622 participatione
2052 3542 2303 3619 quadam
2326 3540 2470 3599 ideae
2499 3539 2730 3598 unicui·

754 3671 871 3730 que
886 3654 1138 3731 propriae
1164 3653 1409 3714 sublata.
1465 3655 1570 3715 Καὶ
1595 3654 1734 3733 μέγα
1760 3655 1820 3715 ἂν
1853 3654 2024 3736 βοῴης
2039 3654 2228 3738 ὅτίοὖκ
2248 3647 2398 3713 οἶσθα
2425 3653 2598 3720 ἄλλως
2615 3654 2730 3717 πῶς

825 3941 899 4006 (ἱ)
922 3936 1025 4005 Κμα
1058 3946 1103 3993 δὲ
1129 3946 1280 4002 δῆλον,
1304 3948 1378 3993 καὶ
1405 3948 1475 3993 ὃτι
1499 3948 1628 4009 εἴπερ
1647 3948 1751 3992 εἰσίν
1783 3949 1828 3992 αἱ
1851 3945 1962 3993 ἰδέαι
1987 3945 2082 3999 οἵας
2106 3944 2219 3998 τινές
2251 3961 2400 4007 φασιν,
2444 3943 2521 3992 οὐκ
2560 3943 2650 3988 {ott
2687 3945 2741 3989 τὸ

757 4028 1045 4090 ὑποκείμενον
1062 4030 1186 4076 oleion
1230 4023 1359 4074 Met.
1388 4024 1503 4090 Vll,
1523 4023 1576 4085 6,
1598 4039 1649 4088 p·
1674 4025 1790 4073 912.
