3094 4963
1682 473 1754 523 48

714 599 923 657 alicubi
950 599 1214 656 ‹licatens
1242 598 1515 675 primum,
1544 617 1721 654 unum
1740 597 1907 655 simul
1930 609 1988 653 et
2006 596 2185 654 multa
2207 595 2361 653 idem
2377 616 2442 653 ac
2461 595 2688 653 infinita

714 734 857 782 esse,
889 714 1155 772 distincta
1181 732 1316 769 vero
1345 730 1551 788 genera
1576 713 1636 768 in
1662 730 1721 785 se
1743 711 2058 780 involvere;
2091 710 2250 788 μέχρι
2273 732 2374 788 περ
2395 708 2456 767 ἂν
2473 710 2534 768 τὸ
2560 711 2684 768 κατ’

716 827 885 908 ἀρχὰς
913 827 967 887 ἓν
999 828 1073 907 μὴ
1100 831 1182 886 ὅτι
1205 826 1259 886 ἓν
1290 827 1379 885 καὶ
1405 825 1579 886 πολλὰ
1608 825 1698 884 καὶ
1720 825 1914 900 ἄπειρά
1943 828 2081 900 ἐστι,
2114 825 2272 903 μόνον
2300 825 2385 905 ἴδῃ
2414 827 2524 899 τὶς,
2549 825 2687 883 ἀλλὰ

717 939 809 999 καὶ
835 938 1026 1000 ὁπόσα.
1071 940 1234 1002 Phil.
1268 943 1401 1012 373.
1433 959 1482 998 e.

797 1054 857 1113 Si
883 1054 1016 1131 quis
1035 1053 1210 1131 igitur
1235 1053 1430 1118 animo
1459 1051 1788 1124 attenderit,
1805 1050 2018 1131 ‚sentiet
2049 1049 2207 1108 ideas
2237 1069 2358 1108 non
2387 1070 2509 1110 esse
2531 1054 2684 1108 entia
2757 1112 2764 1117 ,

718 1188 848 1246 quae
869 1168 1093 1248 singula
1117 1171 1353 1229 seorsim
1382 1170 1439 1228 vi
1456 1189 1561 1228 sua
1588 1167 1826 1247 propria
1845 1167 2094 1245 vigeant,
2123 1166 2221 1226 sed
2256 1170 2394 1227 alias
2423 1168 2546 1226 aliis
2572 1170 2687 1225 im-

718 1282 964 1360 plicitas,
1009 1295 1069 1340 et
1098 1300 1300 1343 omnes
1325 1284 1386 1341 in
1433 1301 1643 1361 genere
1689 1264 1916 1340 summo
1948 1281 2393 1359 comprehensas
2419 1282 2683 1343 existere..

718 1400 862 1456 Cum
906 1412 1098 1459 autem
1141 1399 1283 1457 illud
1326 1419 1506 1477 genus
1554 1418 1868 1469 summum,
1921 1398 2062 1456 nihil
2104 1397 2259 1455 aliud
2298 1417 2469 1474 quam
2499 1401 2686 1454 Deum

717 1533 841 1572 esse
865 1529 1160 1592 appaneat,
1192 1516 1303 1573 hoc
1330 1517 1615 1573 affirmare
1638 1516 1794 1586 llcet,
1822 1534 2032 1592 nempe
2059 1514 2217 1573 ideas
2245 1514 2303 1570 in
2329 1518 2447 1570 Deo
2472 1514 2685 1584 inesse,

719 1630 1104 1688 et·mundum
1149 1631 1567 1708 intelligibilem
1613 1652 1736 1690 esse
1777 1637 1964 1690 Deum
2005 1631 2219 1708 ipsum3
2265 1630 2422 1707 quod
2450 1629 2688 1706 quidem

719 1742 889 1820 plane
934 1755 994 1801 et
1024 1742 1318 1822 designate
1337 1745 1498 1802 Plato
1525 1746 1806 1823 significat
1834 1765 1848 1802 :
1878 1768 1903 1796 «
1929 1743 2161 1814 Anima,
2192 1742 2353 1819 cujus
2373 1762 2441 1800 ea
2466 1755 2555 1800 est
2585 1763 2688 1798 na-

723 1869 868 1930 tura,
897 1870 963 1916 ut
991 1877 1109 1916 non
1147 1859 1327 1915 oeulis
1350 1858 1597 1935 perspici
1621 1859 1824 1937 possit,
1855 1844 1987 1916 cum
2017 1859 2078 1915 in
2107 1857 2349 1916 similem
2379 1856 2692 1934 quemdam

721 1968 897 2025 alium
941 1969 1134 2025 locum
1174 1968 1560 2045 transmigrat,
1601 1969 1999 2040 excellentem,
2050 1988 2284 2048 purum,
2318 1967 2690 2036 invisibilem,

722 2077 893 2136 nobis
907 2079 1222 2152 occultum,
1238 2099 1437 2137 revera
1452 2080 1522 2138 ad
1544 2080 1765 2138 bonum
1785 2083 2222 2160 sapientemque
2237 2086 2423 2138 Deum
2444 2083 2649 2139 evolat.
2663 2110 2688 2133 ι,

698 2192 793 2251 “H
818 2191 874 2252 δὲ
910 2192 1054 2273 ψυχὴ
1087 2194 1191 2273 ἄρα
1209 2239 1226 2268 ,
1253 2193 1316 2253 τὸ
1338 2194 1508 2262 ἀειδὲς
1535 2195 1598 2256 τὸ
1626 2199 1698 2263 εἰς
1732 2202 1964 2256 τοιοῦτον
1990 2196 2148 2256 τόπον
2180 2195 2357 2277 ἕτερον
2383 2195 2660 2275 οἰχόμενον
2680 2246 2694 2271 ,

720 2306 1076 2386 γενναῖονκαὶ
1103 2315 1335 2390 καθαρὸν
1361 2310 1454 2370 καὶ
1481 2312 1634 2381 ἀειδῆ
1653 2354 1669 2383 ,
1697 2315 1772 2379 εἷς
1810 2311 1936 2391 ᾅδου
1958 2357 1972 2386 ,
2015 2315 2088 2380 ὣς
2124 2314 2366 2390 ἀληθῶς,
2412 2312 2559 2393 παρὰ
2604 2314 2695 2373 τὸν

624 2408 627 2413 ⁸
724 2421 918 2505 ἀγαθὸν
948 2424 1040 2485 καὶ
1067 2422 1320 2508 φρόνιμον
1349 2423 1484 2483 θέον.
1522 2466 1559 2481 ..
1585 2425 1832 2495 Pha-do,
1863 2427 1963 2485 61.
1990 2447 2041 2489 a.

1658 2792 1767 2852 vu

809 3114 977 3191 Quod
1017 3114 1067 3173 si
1087 3112 1284 3172 omnia
1311 3111 1466 3172 entia
1488 3113 1702 3191 quibus
1732 3117 1986 3199 mundus
2008 3118 2104 3176 hic
2130 3132 2431 3196 generatus
2455 3135 2698 3196 constat,

729 3235 820 3293 vel
848 3233 922 3292 ad
949 3232 1364 3311 intelligibilem
1384 3231 1666 3291 mundum
1686 3246 1823 3291 sunt
1850 3234 2167 3308 referenda,
2187 3237 2277 3294 vel
2299 3237 2358 3294 in
2381 3236 2478 3293 illo
2501 3237 2699 3294 sedem

730 3367 893 3410 suam
919 3346 1332 3427 propriamque
1370 3344 1614 3419 habent3
1666 3348 1712 3405 si
1763 3367 1902 3405 vero
1949 3350 2201 3408 mundus
2226 3347 2595 3427 intelligibilis
2623 3371 2699 3408 ex

734 3483 851 3522 una
870 3462 1003 3521 idea
1029 3460 1268 3541 pendet,
1292 3472 1350 3519 et
1364 3460 1517 3520 illius
1538 3472 1627 3521 est
1648 3461 1838 3541 ipsum
1858 3466 2081 3520 Bonum
2108 3465 2458 3543 principium
2480 3476 2539 3522 et
2553 3464 2702 3540 fons,

733 3597 930 3637 nonne
977 3577 1189 3635 exinde
1233 3577 1537 3635 manifesto
1586 3579 1848 3654 sequitur
1894 3580 2040 3638 Boni
2079 3581 2292 3657 ideam,
2330 3583 2449 3640 sive
2494 3586 2703 3653 Deum,
2735 3566 2748 3573 ⁶

732 3694 910 3774 hujus
947 3712 1140 3752 rerum
1172 3692 1563 3754 universitatis
1605 3715 1786 3754 unum
1822 3715 1944 3756 esse
1972 3698 2347 3777 principium,
2379 3711 2553 3776 atque
2572 3697 2705 3775 jure

734 3809 958 3889 optimo
997 3818 1322 3866 creatorem
1357 3809 1683 3888 nuncupari
1738 3813 1941 3887 posse?
1986 3812 2208 3889 Cuique
2254 3826 2444 3884 autem
2480 3833 2707 3873 summa

735 3924 1029 4003 diligentia
1055 3926 1196 4003 quid
1239 3924 1314 3986 de
1338 3927 1435 3985 illa
1462 3945 1523 3983 re
1551 3927 1715 3984 Plato
1742 3926 2053 4006 scripserit,
2106 3930 2509 4010 perpendenti,
2532 3944 2706 4007 atque
