3094 4963
1347 478 1420 528 :25

402 615 711 673 corporum
738 598 1039 674 qualitates
1063 599 1383 657 sustulisse.
1408 606 1515 664 τοῖς
1539 600 1583 657 δ’
1593 601 1663 665 εἷς
1690 598 1913 659 ἐπίπεδα
1944 602 2256 696 διαιροῦσιν,
2283 605 2380 668 οὒκ

348 762 363 779 ,
401 705 506 765 ἔτι·
536 708 680 767 οὐδὲν
707 709 812 790 γὰρ
837 709 1039 787 γίνεται
1064 686 1202 782 πλὴν
1232 710 1439 791 στερεὰ,
1463 711 1843 789 συντιθεμένων
1871 713 2008 772 κατὰ
2029 716 2251 782 πλάτος
2282 715 2383 773 πά-

401 830 485 892 θος
509 825 611 904 γὰρ
635 829 694 885 οὗ
717 825 764 884 δ’
788 828 1083 906 ἐγχωροῧσι
1105 836 1291 908 γεννᾷν
1312 828 1458 888 οὐδὲν
1482 828 1533 897 ἐξ
1560 832 1754 891 αὐτῶν.
1801 831 1890 890 De
1911 853 2042 912 gen.
2075 849 2131 893 et
2155 854 2304 894 corr.
2328 837 2373 893 Ι.

401 959 461 1013 2,
491 959 551 1017 p.
579 940 718 1015 496.
751 939 880 1018 πρὸς
909 938 977 998 τὰ
1013 940 1158 1014 πάθη
1187 965 1278 1020 γε,
1310 940 1401 1000 καὶ
1439 940 1534 1008 τὰς
1571 941 1818 1020 δυνάμεις
1850 943 1944 1002 καὶ
1987 945 2083 1020 τὰς
2107 947 2340 1025 κινήσεις
2359 992 2377 1020 ,

401 1054 693 1133 ἀσύμφωνα
712 1054 779 1114 τὰ
803 1053 1064 1138 σχήματα
1085 1064 1194 1121 τοῖς
1221 1054 1489 1134 σώμασιν.
1521 1058 1616 1114 De
1641 1058 1774 1119 coel.
1805 1063 1906 1121 IV.
1932 1061 1993 1133 8,
2025 1081 2084 1138 p.
2111 1063 2247 1129 483.

477 1173 618 1243 Quae
649 1188 782 1227 cum
811 1169 890 1227 ita
911 1169 1047 1240 sint,
1077 1170 1126 1241 si
1154 1182 1374 1228 motum
1399 1183 1457 1229 et
1479 1171 1815 1232 individuos
1841 1170 2155 1252 triangulos
2179 1176 2250 1232 ad
2281 1148 2396 1234 in-'

396 1278 714 1356 ‚telligibilia
738 1280 937 1337 referri
962 1280 1256 1359 redigique
1275 1282 1648 1353 evicerimuS,'
1654 1282 1776 1360 jam
1794 1302 2027 1341 omnem
2050 1285 2381 1347 sensibilem
2440 1305 2444 1309 ’

397 1390 682 1453 mundum
716 1392 774 1449 in
803 1386 1179 1452 intellectuali
1203 1394 1367 1477 quasi
1394 1413 1589 1453 semen
1621 1408 1678 1452 et
1697 1395 1917 1455 radices
1944 1396 2182 1472 habere,
2208 1398 2382 1463 fuerit

401 1504 862 1568 demonstratum
877 1551 888 1563 .

474 1617 645 1699 Quod
672 1615 742 1676 ad
771 1633 993 1680 motum
1015 1620 1243 1690 attinet,
1274 1620 1437 1677 illum
1465 1620 1521 1678 vi
1543 1620 1795 1698 quadam
1818 1624 2026 1680 animae
2048 1622 2284 1682 excitari
2307 1643 2382 1682 ex

390 1732 606 1794 Timaeo
628 1733 811 1815 liquet
832 1746 891 1791 et
910 1734 972 1790 in
996 1734 1238 1810 dialogis
1257 1752 1658 1810 saepenumero
1680 1733 2020 1793 declaratur.
2054 1708 2382 1813 Corporalis

393 1851 585 1909 motus
615 1869 733 1907 non
757 1849 881 1908 fieri
903 1862 1115 1928 potest,
1151 1849 1260 1910 nisi
1284 1850 1586 1919 elementa,
1619 1848 1675 1907 id
1698 1861 1801 1920 est,
1833 1849 2126 1928 trianguli,
2148 1852 2266 1909 sint
2284 1853 2382 1910 in-

399 1963 680 2045 aequalia:
714 1962 853 2022 οὕτω
883 1961 937 2023 δὲ
957 1963 1146 2024 στάσιν
1172 1963 1341 2042 μὲνέν
1361 1960 1678 2043 ὁμαλότητι,
1704 1961 1911 2034 κίνησιν
1936 1961 1990 2022 δὲ
2017 1967 2089 2032 εἷς
2108 1966 2388 2047 ἀνωμαλό-

405 2102 542 2150 τητα
569 2078 652 2142 ἀεὶ
680 2082 929 2160 τιθῶμεν.
955 2081 1155 2141 Timae.
1190 2080 1361 2144 1065.
1392 2078 1449 2137 b.
1470 2079 1633 2138 Illius
1662 2100 1801 2138 vero
1826 2079 2085 2147 effectrix
2105 2102 2278 2142 causa
2296 2097 2383 2143 est

407 2192 717 2255 mundanae
744 2191 948 2255 animae
970 2192 1263 2266 circuitur„
1294 2213 1424 2275 quae
1444 2193 1642 2251 omnia
1664 2172 2023 2272 constringit,
2043 2208 2101 2254 et
2119 2217 2298 2273 parva
2319 2197 2380 2255 in

407 2325 750 2384 magnorum
772 2305 970 2367 inania
995 2303 1320 2369 contrudit:
1342 2309 1376 2376 ἡ
1407 2311 1498 2363 τοῦ
1524 2302 1724 2373 παντὸς
1744 2306 2006 2385 περίοδος,
2031 2308 2215 2382 ἐπειδὴ
2237 2333 2382 2390 cup.-

407 2422 691 2504 περιέλαὸε
719 2420 787 2480 τὰ
809 2420 961 2502 γένη,
980 2420 1299 2501 κυκλοτερὴς
1326 2410 1480 2492 οῧσα,
1507 2419 1751 2501 καὶπρὸς
1780 2419 1945 2495 αὑτὴν
1965 2433 2229 2503 πεφυκυῖα
2254 2425 2382 2503 βού-

404 2539 592 2596 λεσθαι
630 2535 887 2609 ξυνιέναι,
921 2534 1133 2618 σφίγγει
1171 2535 1348 2595 πάντα
1364 2579 1381 2608 ,
1434 2535 1526 2595 καὶ
1573 2535 1754 2607 κοινὴν
1787 2510 1986 2617 ’χώραν
2028 2538 2277 2617 οὐδεμίαν
2318 2544 2382 2621 ἐᾷ

403 2654 699 2721 λείπεσθαι.
714 2699 755 2718 ..
786 2659 821 2725 ἡ
842 2653 906 2726 δὴ
933 2658 1027 2725 τῆς
1047 2653 1315 2724 πιλήσεως
1340 2653 1547 2722 ξύνοδος
1573 2654 1642 2715 τὰ
1670 2656 1875 2735 σμικρὰ
1898 2658 1971 2724 εἷς
1993 2655 2060 2716 τὰ
2084 2660 2187 2717 τῶν
2214 2657 2381 2737 μεγά-

404 2772 512 2828 λων
536 2768 754 2828 διᾶκενα
780 2749 1010 2843 ξυνωθεί.
1053 2768 1257 2824 Timoe.
1299 2766 1472 2826 1065.
1491 2788 1540 2825 c.
1583 2766 1681 2849 (de
1699 2768 1928 2847 περιόδῳ
1948 2776 2041 2828 τοῦ
2056 2770 2275 2845 παντός,
2297 2774 2372 2832 cf.

415 2888 623 2945 Timae.
656 2886 830 2958 1050,
860 2883 1060 2965 1051).
1089 2884 1326 2942 Nullum
1342 2883 1499 2943 aliud
1533 2861 1805 2943 movendi
1822 2884 2173 2963 principium
2198 2890 2381 2962 quaeri

404 3012 695 3077 oportere,
715 3017 847 3075 quae
865 2997 928 3054 in
941 2995 1173 3057 Phedro
1192 2994 1485 3080 leguntur,
1504 2996 1877 3055 confirmant:
1903 2994 2062 3075 μόνον
2084 2994 2147 3070 δὴ
2171 2998 2232 3058 τὸ
2250 3001 2380 3059 αὑτὸ

403 3124 604 3189 κινοῦν,
625 3118 721 3177 ἅτε
747 3120 844 3184 οὐκ
867 3116 1156 3185 ἀπολεῖπον
1174 3117 1357 3190 ἑαυτὸ,
1373 3117 1433 3176 οὔ
1458 3138 1589 3183 ποτε
1605 3117 1760 3195 λήγει
1778 3116 2105 3198 κινούμενον,
2129 3118 2267 3177 ἀλλὰ
2286 3116 2380 3177 καὶ

405 3241 514 3302 τοῖς
537 3234 718 3303 ἄλλοις
745 3226 852 3294 ὅσα
881 3241 1131 3307 κινεῖται,
1158 3240 1312 3295 τοῦτο
1339 3232 1492 3313 πηγὴ
1515 3233 1608 3294 καὶ
1639 3232 1780 3315 ἀρχὴ
1810 3232 2092 3307 κινήσεως.
2135 3233 2375 3297 Phoedr.

411 3372 579 3416 1221.
602 3351 665 3410 b.
688 3356 990 3426 Praeterea,
1007 3351 1263 3416 omnium
1292 3351 1579 3411 sensibilis
1601 3350 1804 3412 mundi
1829 3350 2217 3415 mutationum
2246 3350 2375 3408 ani-

402 3483 558 3523 mam
579 3484 700 3523 esse
727 3483 958 3523 causam
997 3440 1354 3540 primariam,
1386 3441 1458 3521 ‚in
1493 3463 1747 3541 Legibus
1783 3462 2031 3524 traditur
2056 3475 2115 3522 et
2142 3460 2376 3522 abunde

398 3575 714 3654 exponitur
741 3595 755 3630 ε
781 3574 1044 3650 σωμάτων
1068 3574 1365 3656 ἔμπροσθεν
1394 3571 1608 3633 πάντων
1629 3570 1886 3652 γενομένη
1916 3572 2126 3653 (ψυχὴ),
2154 3572 2245 3632 καὶ
2269 3596 2373 3652 με-

397 3689 632 3767 ταβολῆς
653 3709 710 3745 τε
732 3688 904 3746 αὐτῶν
922 3687 1015 3746 καὶ
1035 3684 1488 3768 μετακοσμήσεως
1500 3685 1714 3757 ἁπάσης
1730 3684 1907 3768 ἄρχει,
1929 3682 2126 3752 παντὸς
2150 3687 2374 3762 μᾶλλον.

403 3802 655 3880 DeLeg.
678 3804 755 3859 Χ.
782 3808 920 3878 949.
942 3798 1218 3880 ἀ.Ἀρχὴν
1244 3797 1348 3878 ἄρα
1368 3798 1627 3870 κινήσεων
1659 3802 1847 3858 πασῶν
1877 3798 1969 3858 καὶ
1997 3783 2217 3878 πρώτην
2241 3804 2299 3863 ἒν
2316 3823 2375 3864 τε

402 3922 595 3980 ἑστῶσι
612 3918 896 3998 γενομένην
926 3917 1017 3977 καὶ
1042 3919 1095 3978 ἐν
1123 3916 1450 3995 κινουμένοις
1477 3907 1637 3977 οῧσαν
1667 3915 1764 3988 τὴν
1791 3915 1954 3987 αὑτὴν
1985 3940 2247 3992 1»ιινυυοοιν,
2266 3941 2373 3985 φη·-
