<?xml version="1.0" encoding="UTF-8"?>
<!DOCTYPE html PUBLIC "-//W3C//DTD XHTML 1.0 Transitional//EN"
    "http://www.w3.org/TR/xhtml1/DTD/xhtml1-transitional.dtd">
<html xmlns="http://www.w3.org/1999/xhtml" xml:lang="en" lang="en">
 <head>
  <title>
</title>
<meta http-equiv="Content-Type" content="text/html;charset=utf-8" />
  <meta name='ocr-system' content='tesseract 3.04.00' />
  <meta name='ocr-capabilities' content='ocr_page ocr_carea ocr_par ocr_line ocrx_word'/>
</head>
<body>
  <div class='ocr_page' id='page_1' title='image "ansitplatonisde00lorqgoog_0036.png"; bbox 0 0 3094 4963; ppageno 0'>
   <div class='ocr_carea' id='block_1_1' title="bbox 714 479 2724 1832">
    <p class='ocr_par' dir='ltr' id='par_1_1' title="bbox 1646 479 1770 535">
     <span class='ocr_line' id='line_1_1' title="bbox 1646 479 1770 535; baseline 0 0"><span class='ocrx_word' id='word_1_1' title='bbox 1646 479 1718 535; x_wconf 72' lang='lat'>28</span> <span class='ocrx_word' id='word_1_2' title='bbox 1765 500 1770 509; x_wconf 91' lang='lat'><em>·</em></span> 
     </span>
    </p>

    <p class='ocr_par' dir='ltr' id='par_1_2' title="bbox 714 600 2724 1480">
     <span class='ocr_line' id='line_1_2' title="bbox 714 600 2688 688; baseline 0.002 -27"><span class='ocrx_word' id='word_1_3' title='bbox 714 603 769 665; x_wconf 74' lang='grc' dir='ltr'>δὲ</span> <span class='ocrx_word' id='word_1_4' title='bbox 791 603 852 665; x_wconf 81' lang='grc' dir='ltr'>τὸ</span> <span class='ocrx_word' id='word_1_5' title='bbox 873 605 1142 686; x_wconf 60' lang='grc' dir='ltr'>ἄπορῆσαᾳ</span> <span class='ocrx_word' id='word_1_6' title='bbox 1182 609 1470 688; x_wconf 80' lang='grc' dir='ltr'>ἀρχαϊκῶς.</span> <span class='ocrx_word' id='word_1_7' title='bbox 1498 602 1685 674; x_wconf 83' lang='grc' dir='ltr'>Ἔδοξε</span> <span class='ocrx_word' id='word_1_8' title='bbox 1718 603 1821 686; x_wconf 75' lang='grc' dir='ltr'>γὰρ</span> <span class='ocrx_word' id='word_1_9' title='bbox 1861 606 2036 672; x_wconf 79' lang='grc' dir='ltr'>αὐτοῖς</span> <span class='ocrx_word' id='word_1_10' title='bbox 2076 604 2234 664; x_wconf 81' lang='grc' dir='ltr'>πάντ’</span> <span class='ocrx_word' id='word_1_11' title='bbox 2269 601 2481 665; x_wconf 84' lang='grc' dir='ltr'>ἔσεσθαι</span> <span class='ocrx_word' id='word_1_12' title='bbox 2520 600 2574 664; x_wconf 74' lang='grc' dir='ltr'>ἓν</span> <span class='ocrx_word' id='word_1_13' title='bbox 2617 600 2688 664; x_wconf 73' lang='grc' dir='ltr'>τὰ</span> 
     </span>
     <span class='ocr_line' id='line_1_3' title="bbox 715 716 2687 798; baseline -0.001 -22"><span class='ocrx_word' id='word_1_14' title='bbox 715 717 863 793; x_wconf 85' lang='grc' dir='ltr'>ὄντα,</span> <span class='ocrx_word' id='word_1_15' title='bbox 882 717 1011 777; x_wconf 80' lang='grc' dir='ltr'>αὖτὸ</span> <span class='ocrx_word' id='word_1_16' title='bbox 1031 717 1092 776; x_wconf 82' lang='grc' dir='ltr'>τὸ</span> <span class='ocrx_word' id='word_1_17' title='bbox 1112 717 1167 777; x_wconf 84' lang='grc' dir='ltr'>ὄν</span> <span class='ocrx_word' id='word_1_18' title='bbox 1198 720 1244 778; x_wconf 84' lang='grc' dir='ltr'>εἷ</span> <span class='ocrx_word' id='word_1_19' title='bbox 1271 716 1348 796; x_wconf 81' lang='grc' dir='ltr'>μή</span> <span class='ocrx_word' id='word_1_20' title='bbox 1373 741 1450 786; x_wconf 83' lang='grc' dir='ltr'>τις</span> <span class='ocrx_word' id='word_1_21' title='bbox 1471 717 1643 790; x_wconf 84' lang='grc' dir='ltr'>λύσει,</span> <span class='ocrx_word' id='word_1_22' title='bbox 1666 717 1758 778; x_wconf 70' lang='grc' dir='ltr'>καὶ</span> <span class='ocrx_word' id='word_1_23' title='bbox 1778 716 1940 794; x_wconf 82' lang='grc' dir='ltr'>ὁμόσε</span> <span class='ocrx_word' id='word_1_24' title='bbox 1966 717 2232 796; x_wconf 79' lang='grc' dir='ltr'>βαδιεῖται</span> <span class='ocrx_word' id='word_1_25' title='bbox 2250 720 2327 798; x_wconf 78' lang='grc' dir='ltr'>τῷ</span> <span class='ocrx_word' id='word_1_26' title='bbox 2348 718 2687 798; x_wconf 79' lang='grc' dir='ltr'>Παρμενίδου</span> 
     </span>
     <span class='ocr_line' id='line_1_4' title="bbox 716 821 2687 912; baseline 0.002 -24"><span class='ocrx_word' id='word_1_27' title='bbox 716 830 860 911; x_wconf 83' lang='grc' dir='ltr'>λόγῳ</span> <span class='ocrx_word' id='word_1_28' title='bbox 879 851 895 866; x_wconf 92' lang='grc'><em>·</em></span> <span class='ocrx_word' id='word_1_29' title='bbox 925 831 984 891; x_wconf 80' lang='grc' dir='ltr'>οὔ</span> <span class='ocrx_word' id='word_1_30' title='bbox 1011 831 1114 912; x_wconf 78' lang='grc' dir='ltr'>γὰρ</span> <span class='ocrx_word' id='word_1_31' title='bbox 1151 830 1359 908; x_wconf 82' lang='grc' dir='ltr'>μήποτε</span> <span class='ocrx_word' id='word_1_32' title='bbox 1399 837 1550 891; x_wconf 80' lang='grc' dir='ltr'>τοῦτο</span> <span class='ocrx_word' id='word_1_33' title='bbox 1576 831 1782 910; x_wconf 81' lang='grc' dir='ltr'>οὐδαμῇ</span> <span class='ocrx_word' id='word_1_34' title='bbox 1814 821 1947 890; x_wconf 75' lang='grc' dir='ltr'>εἶναι</span> <span class='ocrx_word' id='word_1_35' title='bbox 1977 829 2053 908; x_wconf 83' lang='grc' dir='ltr'>μὴ</span> <span class='ocrx_word' id='word_1_36' title='bbox 2100 829 2274 889; x_wconf 85' lang='grc' dir='ltr'>ἐόντα·</span> <span class='ocrx_word' id='word_1_37' title='bbox 2310 829 2447 891; x_wconf 75' lang='grc' dir='ltr'>ἀλλὰ</span> <span class='ocrx_word' id='word_1_38' title='bbox 2481 830 2687 910; x_wconf 79' lang='grc' dir='ltr'>ἀνάγκη</span> 
     </span>
     <span class='ocr_line' id='line_1_5' title="bbox 720 936 2690 1026; baseline 0.001 -23"><span class='ocrx_word' id='word_1_39' title='bbox 720 936 855 1004; x_wconf 74' lang='grc' dir='ltr'>εἶναι</span> <span class='ocrx_word' id='word_1_40' title='bbox 880 945 942 1005; x_wconf 84' lang='grc' dir='ltr'>τὸ</span> <span class='ocrx_word' id='word_1_41' title='bbox 971 944 1046 1023; x_wconf 84' lang='grc' dir='ltr'>μὴ</span> <span class='ocrx_word' id='word_1_42' title='bbox 1088 945 1144 1005; x_wconf 83' lang='grc' dir='ltr'>ὂν</span> <span class='ocrx_word' id='word_1_43' title='bbox 1173 945 1338 1015; x_wconf 78' lang='grc' dir='ltr'>δεῖξαι</span> <span class='ocrx_word' id='word_1_44' title='bbox 1379 945 1460 1005; x_wconf 81' lang='grc' dir='ltr'>ὅτι</span> <span class='ocrx_word' id='word_1_45' title='bbox 1486 945 1648 1006; x_wconf 80' lang='grc' dir='ltr'>ἐστίν.</span> <span class='ocrx_word' id='word_1_46' title='bbox 1684 945 1846 1006; x_wconf 75' lang='grc' dir='ltr'>Οὕτω</span> <span class='ocrx_word' id='word_1_47' title='bbox 1871 946 1973 1026; x_wconf 80' lang='grc' dir='ltr'>γὰρ</span> <span class='ocrx_word' id='word_1_48' title='bbox 2000 948 2062 1006; x_wconf 79' lang='grc' dir='ltr'>ἐκ</span> <span class='ocrx_word' id='word_1_49' title='bbox 2088 950 2180 1006; x_wconf 80' lang='grc' dir='ltr'>τοῦ</span> <span class='ocrx_word' id='word_1_50' title='bbox 2216 946 2361 1014; x_wconf 82' lang='grc' dir='ltr'>ὄντος</span> <span class='ocrx_word' id='word_1_51' title='bbox 2389 945 2483 1005; x_wconf 77' lang='grc' dir='ltr'>καὶ</span> <span class='ocrx_word' id='word_1_52' title='bbox 2528 945 2690 1004; x_wconf 84' lang='grc' dir='ltr'>ἄλλου</span> 
     </span>
     <span class='ocr_line' id='line_1_6' title="bbox 719 1058 2684 1140; baseline -0.001 -21"><span class='ocrx_word' id='word_1_53' title='bbox 719 1058 857 1126; x_wconf 84' lang='grc' dir='ltr'>τινὸς</span> <span class='ocrx_word' id='word_1_54' title='bbox 879 1106 896 1136; x_wconf 96' lang='grc'>,</span> <span class='ocrx_word' id='word_1_55' title='bbox 925 1059 995 1120; x_wconf 79' lang='grc' dir='ltr'>τὰ</span> <span class='ocrx_word' id='word_1_56' title='bbox 1023 1060 1151 1120; x_wconf 84' lang='grc' dir='ltr'>ὄντα</span> <span class='ocrx_word' id='word_1_57' title='bbox 1177 1061 1390 1122; x_wconf 77' lang='grc' dir='ltr'>ἔσεσθαι</span> <span class='ocrx_word' id='word_1_58' title='bbox 1418 1064 1464 1120; x_wconf 84' lang='grc' dir='ltr'>εἷ</span> <span class='ocrx_word' id='word_1_59' title='bbox 1490 1060 1664 1121; x_wconf 76' lang='grc' dir='ltr'>πολλά</span> <span class='ocrx_word' id='word_1_60' title='bbox 1691 1063 1823 1122; x_wconf 77' lang='grc' dir='ltr'>ἐστι.</span> <span class='ocrx_word' id='word_1_61' title='bbox 1847 1062 1992 1122; x_wconf 80' lang='lat' dir='ltr'>Met.</span> <span class='ocrx_word' id='word_1_62' title='bbox 2019 1064 2179 1133; x_wconf 81' lang='lat' dir='ltr'><strong>xlv,</strong></span> <span class='ocrx_word' id='word_1_63' title='bbox 2203 1081 2262 1134; x_wconf 81' lang='lat'>2,</span> <span class='ocrx_word' id='word_1_64' title='bbox 2290 1081 2348 1140; x_wconf 83' lang='lat' dir='ltr'>p.</span> <span class='ocrx_word' id='word_1_65' title='bbox 2376 1081 2518 1138; x_wconf 75' lang='lat'><strong>972·</strong></span> <span class='ocrx_word' id='word_1_66' title='bbox 2544 1061 2684 1138; x_wconf 88' lang='lat'><strong>973.</strong></span> 
     </span>
     <span class='ocr_line' id='line_1_7' title="bbox 722 1146 2721 1252; baseline -0.001 -20"><span class='ocrx_word' id='word_1_67' title='bbox 722 1177 929 1232; x_wconf 85' lang='lat' dir='ltr'><strong>Nonne</strong></span> <span class='ocrx_word' id='word_1_68' title='bbox 952 1173 1077 1231; x_wconf 83' lang='lat' dir='ltr'>haec</span> <span class='ocrx_word' id='word_1_69' title='bbox 1102 1174 1423 1234; x_wconf 83' lang='lat' dir='ltr'>attendenti</span> <span class='ocrx_word' id='word_1_70' title='bbox 1454 1174 1696 1241; x_wconf 85' lang='lat' dir='ltr'>omniuo</span> <span class='ocrx_word' id='word_1_71' title='bbox 1743 1173 1927 1252; x_wconf 89' lang='lat' dir='ltr'>liquet</span> <span class='ocrx_word' id='word_1_72' title='bbox 1952 1192 2028 1232; x_wconf 82' lang='lat' dir='ltr'>ex</span> <span class='ocrx_word' id='word_1_73' title='bbox 2045 1146 2179 1231; x_wconf 82' lang='lat' dir='ltr'>ente</span> <span class='ocrx_word' id='word_1_74' title='bbox 2206 1186 2382 1251; x_wconf 86' lang='lat' dir='ltr'>atque</span> <span class='ocrx_word' id='word_1_75' title='bbox 2410 1186 2721 1252; x_wconf 21' lang='lat' dir='ltr'>non—ente-</span> 
     </span>
     <span class='ocr_line' id='line_1_8' title="bbox 728 1256 2724 1367; baseline 0 -23"><span class='ocrx_word' id='word_1_76' title='bbox 728 1287 924 1344; x_wconf 89' lang='lat' dir='ltr'>omnia</span> <span class='ocrx_word' id='word_1_77' title='bbox 954 1286 1117 1357; x_wconf 88' lang='lat' dir='ltr'>oriri,</span> <span class='ocrx_word' id='word_1_78' title='bbox 1156 1298 1389 1345; x_wconf 84' lang='lat' dir='ltr'>auctore</span> <span class='ocrx_word' id='word_1_79' title='bbox 1427 1287 1707 1367; x_wconf 73' lang='lat' dir='ltr'>Platone?</span> <span class='ocrx_word' id='word_1_80' title='bbox 1747 1277 1944 1344; x_wconf 90' lang='lat' dir='ltr'>nonne</span> <span class='ocrx_word' id='word_1_81' title='bbox 1968 1286 2027 1343; x_wconf 90' lang='lat' dir='ltr'>in</span> <span class='ocrx_word' id='word_1_82' title='bbox 2059 1285 2280 1364; x_wconf 80' lang='lat' dir='ltr'>Dyadis</span> <span class='ocrx_word' id='word_1_83' title='bbox 2315 1287 2508 1344; x_wconf 91' lang='lat' dir='ltr'>locum</span> <span class='ocrx_word' id='word_1_84' title='bbox 2550 1287 2691 1344; x_wconf 79' lang='lat' dir='ltr'>illud</span> <span class='ocrx_word' id='word_1_85' title='bbox 2720 1256 2724 1260; x_wconf 23' lang='grc' dir='ltr'>Ι</span> 
     </span>
     <span class='ocr_line' id='line_1_9' title="bbox 732 1399 2489 1480; baseline 0.002 -23"><span class='ocrx_word' id='word_1_86' title='bbox 732 1419 980 1459; x_wconf 87' lang='lat' dir='ltr'>non-ens</span> <span class='ocrx_word' id='word_1_87' title='bbox 1006 1400 1247 1460; x_wconf 82' lang='lat' dir='ltr'>subiisse</span> <span class='ocrx_word' id='word_1_88' title='bbox 1276 1421 1342 1458; x_wconf 84' lang='lat' dir='ltr'>ac</span> <span class='ocrx_word' id='word_1_89' title='bbox 1367 1401 1703 1460; x_wconf 83' lang='lat' dir='ltr'>successisse</span> <span class='ocrx_word' id='word_1_90' title='bbox 1720 1399 1850 1478; x_wconf 88' lang='lat' dir='ltr'>jure</span> <span class='ocrx_word' id='word_1_91' title='bbox 1885 1400 2161 1478; x_wconf 84' lang='lat' dir='ltr'>suspicari</span> <span class='ocrx_word' id='word_1_92' title='bbox 2182 1399 2315 1458; x_wconf 88' lang='lat' dir='ltr'>licet</span> <span class='ocrx_word' id='word_1_93' title='bbox 2335 1402 2359 1457; x_wconf 73' lang='grc' dir='ltr'>ἱ)</span> <span class='ocrx_word' id='word_1_94' title='bbox 2383 1399 2489 1480; x_wconf 91' lang='grc' dir='ltr'>(ι).</span> 
     </span>
    </p>

    <p class='ocr_par' dir='ltr' id='par_1_3' title="bbox 729 1515 2702 1832">
     <span class='ocr_line' id='line_1_10' title="bbox 807 1515 2691 1596; baseline 0.001 -24"><span class='ocrx_word' id='word_1_95' title='bbox 807 1515 961 1572; x_wconf 82' lang='lat' dir='ltr'>Nihil</span> <span class='ocrx_word' id='word_1_96' title='bbox 987 1528 1074 1574; x_wconf 90' lang='lat' dir='ltr'>est</span> <span class='ocrx_word' id='word_1_97' title='bbox 1100 1515 1337 1593; x_wconf 92' lang='lat' dir='ltr'>quidem</span> <span class='ocrx_word' id='word_1_98' title='bbox 1368 1515 1529 1593; x_wconf 90' lang='lat' dir='ltr'>quod</span> <span class='ocrx_word' id='word_1_99' title='bbox 1569 1515 1644 1574; x_wconf 90' lang='lat' dir='ltr'>ad</span> <span class='ocrx_word' id='word_1_100' title='bbox 1684 1516 1856 1590; x_wconf 85' lang='lat' dir='ltr'>hanc,</span> <span class='ocrx_word' id='word_1_101' title='bbox 1895 1515 1967 1572; x_wconf 90' lang='lat' dir='ltr'>de</span> <span class='ocrx_word' id='word_1_102' title='bbox 2008 1534 2125 1592; x_wconf 86' lang='lat' dir='ltr'>qua</span> <span class='ocrx_word' id='word_1_103' title='bbox 2155 1535 2312 1574; x_wconf 90' lang='lat' dir='ltr'>nunc</span> <span class='ocrx_word' id='word_1_104' title='bbox 2343 1515 2691 1596; x_wconf 84' lang='lat' dir='ltr'>disputatur,</span> 
     </span>
     <span class='ocr_line' id='line_1_11' title="bbox 729 1616 2697 1712; baseline 0 -20"><span class='ocrx_word' id='word_1_105' title='bbox 729 1633 1104 1712; x_wconf 83' lang='lat' dir='ltr'>quaestionem</span> <span class='ocrx_word' id='word_1_106' title='bbox 1129 1634 1308 1712; x_wconf 81' lang='lat' dir='ltr'>magis</span> <span class='ocrx_word' id='word_1_107' title='bbox 1333 1634 1644 1712; x_wconf 80' lang='lat' dir='ltr'>pertineat,</span> <span class='ocrx_word' id='word_1_108' title='bbox 1677 1650 1853 1711; x_wconf 84' lang='lat' dir='ltr'>quam</span> <span class='ocrx_word' id='word_1_109' title='bbox 1873 1633 1970 1691; x_wconf 86' lang='lat' dir='ltr'>ille</span> <span class='ocrx_word' id='word_1_110' title='bbox 1990 1616 2467 1711; x_wconf 81' lang='lat' dir='ltr'>Sophistaelocus,</span> <span class='ocrx_word' id='word_1_111' title='bbox 2486 1633 2547 1690; x_wconf 87' lang='lat' dir='ltr'>in</span> <span class='ocrx_word' id='word_1_112' title='bbox 2578 1653 2697 1710; x_wconf 91' lang='lat' dir='ltr'>quo</span> 
     </span>
     <span class='ocr_line' id='line_1_12' title="bbox 730 1740 2702 1832; baseline -0.002 -22"><span class='ocrx_word' id='word_1_113' title='bbox 730 1754 895 1811; x_wconf 89' lang='lat' dir='ltr'>Plato</span> <span class='ocrx_word' id='word_1_114' title='bbox 938 1772 1006 1811; x_wconf 87' lang='lat' dir='ltr'>ea</span> <span class='ocrx_word' id='word_1_115' title='bbox 1024 1795 1042 1825; x_wconf 90' lang='lat'><strong>,</strong></span> <span class='ocrx_word' id='word_1_116' title='bbox 1081 1772 1214 1832; x_wconf 82' lang='lat' dir='ltr'>quae</span> <span class='ocrx_word' id='word_1_117' title='bbox 1257 1753 1447 1832; x_wconf 86' lang='lat' dir='ltr'>attigit</span> <span class='ocrx_word' id='word_1_118' title='bbox 1491 1740 1825 1812; x_wconf 69' lang='lat' dir='ltr'>Aristoteles</span> <span class='ocrx_word' id='word_1_119' title='bbox 1843 1796 1858 1827; x_wconf 92' lang='lat'>‚</span> <span class='ocrx_word' id='word_1_120' title='bbox 1908 1753 2080 1831; x_wconf 86' lang='lat' dir='ltr'>plane</span> <span class='ocrx_word' id='word_1_121' title='bbox 2130 1751 2419 1812; x_wconf 85' lang='lat' dir='ltr'>describit.</span> <span class='ocrx_word' id='word_1_122' title='bbox 2470 1751 2702 1809; x_wconf 84' lang='lat' dir='ltr'>Scilicet</span> 
     </span>
    </p>
   </div>
   <div class='ocr_carea' id='block_1_2' title="bbox 733 1863 2786 2055">
    <p class='ocr_par' dir='ltr' id='par_1_4' title="bbox 733 1863 2786 2055">
     <span class='ocr_line' id='line_1_13' title="bbox 733 1863 2703 1944; baseline -0.001 -20"><span class='ocrx_word' id='word_1_123' title='bbox 733 1867 982 1924; x_wconf 68' lang='lat' dir='ltr'>affirmat</span> <span class='ocrx_word' id='word_1_124' title='bbox 1025 1885 1147 1925; x_wconf 89' lang='lat' dir='ltr'>esse</span> <span class='ocrx_word' id='word_1_125' title='bbox 1193 1865 1475 1924; x_wconf 81' lang='lat' dir='ltr'>audacter·</span> <span class='ocrx_word' id='word_1_126' title='bbox 1497 1864 2019 1944; x_wconf 83' lang='lat' dir='ltr'>pronuntiandum,</span> <span class='ocrx_word' id='word_1_127' title='bbox 2055 1866 2224 1944; x_wconf 88' lang='lat' dir='ltr'>illud,</span> <span class='ocrx_word' id='word_1_128' title='bbox 2254 1863 2414 1944; x_wconf 88' lang='lat' dir='ltr'>quod</span> <span class='ocrx_word' id='word_1_129' title='bbox 2443 1884 2703 1923; x_wconf 82' lang='lat' dir='ltr'>non-eus</span> 
     </span>
     <span class='ocr_line' id='line_1_14' title="bbox 735 1959 2786 2055; baseline -0 -23"><span class='ocrx_word' id='word_1_130' title='bbox 735 1975 970 2051; x_wconf 88' lang='lat' dir='ltr'>dicitur,</span> <span class='ocrx_word' id='word_1_131' title='bbox 1013 1987 1281 2033; x_wconf 86' lang='lat' dir='ltr'>naturam</span> <span class='ocrx_word' id='word_1_132' title='bbox 1331 1975 1647 2054; x_wconf 27' lang='lat' dir='ltr'>propriam„</span> <span class='ocrx_word' id='word_1_133' title='bbox 1671 1974 1887 2034; x_wconf 85' lang='lat' dir='ltr'>habere</span> <span class='ocrx_word' id='word_1_134' title='bbox 1926 1977 2162 2038; x_wconf 81' lang='lat' dir='ltr'>etinter</span> <span class='ocrx_word' id='word_1_135' title='bbox 2201 1975 2424 2055; x_wconf 87' lang='lat' dir='ltr'>species</span> <span class='ocrx_word' id='word_1_136' title='bbox 2440 1973 2705 2033; x_wconf 88' lang='lat' dir='ltr'>obtinere</span> <span class='ocrx_word' id='word_1_137' title='bbox 2775 1959 2786 1968; x_wconf 60' lang='grc'><strong>’</strong></span> 
     </span>
    </p>
   </div>
   <div class='ocr_carea' id='block_1_3' title="bbox 736 2090 2704 2401">
    <p class='ocr_par' dir='ltr' id='par_1_5' title="bbox 736 2090 2704 2401">
     <span class='ocr_line' id='line_1_15' title="bbox 736 2090 2703 2172; baseline -0.001 -24"><span class='ocrx_word' id='word_1_138' title='bbox 736 2092 955 2152; x_wconf 86' lang='lat' dir='ltr'>locum.</span> <span class='ocrx_word' id='word_1_139' title='bbox 1011 2091 1117 2151; x_wconf 74' lang='grc' dir='ltr'>Καὶ</span> <span class='ocrx_word' id='word_1_140' title='bbox 1170 2093 1252 2151; x_wconf 81' lang='grc' dir='ltr'>δεῖ</span> <span class='ocrx_word' id='word_1_141' title='bbox 1294 2095 1584 2172; x_wconf 75' lang='grc' dir='ltr'>θαρῤοῧντα</span> <span class='ocrx_word' id='word_1_142' title='bbox 1637 2092 1741 2165; x_wconf 86' lang='grc' dir='ltr'>ἤδη</span> <span class='ocrx_word' id='word_1_143' title='bbox 1791 2091 1965 2170; x_wconf 78' lang='grc' dir='ltr'>λέγειν</span> <span class='ocrx_word' id='word_1_144' title='bbox 2009 2091 2095 2152; x_wconf 81' lang='grc' dir='ltr'>ὅτι</span> <span class='ocrx_word' id='word_1_145' title='bbox 2135 2091 2196 2151; x_wconf 80' lang='grc' dir='ltr'>τὸ</span> <span class='ocrx_word' id='word_1_146' title='bbox 2240 2090 2317 2170; x_wconf 83' lang='grc' dir='ltr'>μὴ</span> <span class='ocrx_word' id='word_1_147' title='bbox 2349 2090 2428 2164; x_wconf 83' lang='grc' dir='ltr'>ὄν,</span> <span class='ocrx_word' id='word_1_148' title='bbox 2471 2090 2703 2170; x_wconf 76' lang='grc' dir='ltr'>βεὸαίως</span> 
     </span>
     <span class='ocr_line' id='line_1_16' title="bbox 736 2200 2701 2290; baseline -0.001 -25"><span class='ocrx_word' id='word_1_149' title='bbox 736 2206 870 2278; x_wconf 78' lang='grc' dir='ltr'>ἐστὶ,</span> <span class='ocrx_word' id='word_1_150' title='bbox 893 2207 989 2280; x_wconf 77' lang='grc' dir='ltr'>τὴν</span> <span class='ocrx_word' id='word_1_151' title='bbox 1016 2208 1178 2267; x_wconf 79' lang='grc' dir='ltr'>αὕτοῦ</span> <span class='ocrx_word' id='word_1_152' title='bbox 1200 2206 1355 2288; x_wconf 75' lang='grc' dir='ltr'>φύσιν</span> <span class='ocrx_word' id='word_1_153' title='bbox 1380 2207 1502 2289; x_wconf 84' lang='grc' dir='ltr'>ἔχον</span> <span class='ocrx_word' id='word_1_154' title='bbox 1525 2227 1547 2249; x_wconf 93' lang='grc'>·-</span> <span class='ocrx_word' id='word_1_155' title='bbox 1568 2208 1750 2290; x_wconf 80' lang='grc' dir='ltr'>ὥσπερ</span> <span class='ocrx_word' id='word_1_156' title='bbox 1772 2207 1832 2267; x_wconf 82' lang='grc' dir='ltr'>τὸ</span> <span class='ocrx_word' id='word_1_157' title='bbox 1858 2207 1997 2288; x_wconf 81' lang='grc' dir='ltr'>μέγα</span> <span class='ocrx_word' id='word_1_158' title='bbox 2021 2200 2092 2282; x_wconf 71' lang='grc' dir='ltr'>ἦν’</span> <span class='ocrx_word' id='word_1_159' title='bbox 2113 2206 2278 2288; x_wconf 80' lang='grc' dir='ltr'>μέγα,</span> <span class='ocrx_word' id='word_1_160' title='bbox 2305 2207 2397 2268; x_wconf 82' lang='grc' dir='ltr'>καὶ</span> <span class='ocrx_word' id='word_1_161' title='bbox 2423 2206 2485 2266; x_wconf 82' lang='grc' dir='ltr'>τὸ</span> <span class='ocrx_word' id='word_1_162' title='bbox 2512 2204 2701 2282; x_wconf 81' lang='grc' dir='ltr'>καλὸν,</span> 
     </span>
     <span class='ocr_line' id='line_1_17' title="bbox 737 2311 2704 2401; baseline -0.001 -23"><span class='ocrx_word' id='word_1_163' title='bbox 737 2311 800 2392; x_wconf 74' lang='grc' dir='ltr'>ἦν</span> <span class='ocrx_word' id='word_1_164' title='bbox 829 2320 1010 2398; x_wconf 80' lang='grc' dir='ltr'>καλὸν,</span> <span class='ocrx_word' id='word_1_165' title='bbox 1039 2321 1131 2381; x_wconf 71' lang='grc' dir='ltr'>καὶ</span> <span class='ocrx_word' id='word_1_166' title='bbox 1153 2319 1214 2380; x_wconf 80' lang='grc' dir='ltr'>τὸ</span> <span class='ocrx_word' id='word_1_167' title='bbox 1240 2320 1316 2399; x_wconf 83' lang='grc' dir='ltr'>μὴ</span> <span class='ocrx_word' id='word_1_168' title='bbox 1352 2320 1489 2400; x_wconf 82' lang='grc' dir='ltr'>μέγα</span> <span class='ocrx_word' id='word_1_169' title='bbox 1516 2321 1609 2380; x_wconf 78' lang='grc' dir='ltr'>καὶ</span> <span class='ocrx_word' id='word_1_170' title='bbox 1632 2321 1694 2382; x_wconf 76' lang='grc' dir='ltr'>τὸ</span> <span class='ocrx_word' id='word_1_171' title='bbox 1727 2321 1801 2401; x_wconf 82' lang='grc' dir='ltr'>μὴ</span> <span class='ocrx_word' id='word_1_172' title='bbox 1832 2321 2013 2395; x_wconf 79' lang='grc' dir='ltr'>καλὸν,</span> <span class='ocrx_word' id='word_1_173' title='bbox 2055 2321 2192 2381; x_wconf 74' lang='grc' dir='ltr'>οὕτω</span> <span class='ocrx_word' id='word_1_174' title='bbox 2234 2320 2289 2382; x_wconf 82' lang='grc' dir='ltr'>δὲ</span> <span class='ocrx_word' id='word_1_175' title='bbox 2332 2320 2425 2382; x_wconf 71' lang='grc' dir='ltr'>καὶ</span> <span class='ocrx_word' id='word_1_176' title='bbox 2451 2320 2513 2380; x_wconf 81' lang='grc' dir='ltr'>τὸ</span> <span class='ocrx_word' id='word_1_177' title='bbox 2540 2318 2615 2397; x_wconf 84' lang='grc' dir='ltr'>μὴ</span> <span class='ocrx_word' id='word_1_178' title='bbox 2647 2317 2704 2378; x_wconf 80' lang='grc' dir='ltr'>ὂν</span> 
     </span>
    </p>
   </div>
   <div class='ocr_carea' id='block_1_4' title="bbox 737 2421 2703 2627">
    <p class='ocr_par' dir='ltr' id='par_1_6' title="bbox 737 2421 2703 2627">
     <span class='ocr_line' id='line_1_18' title="bbox 737 2421 2703 2514; baseline -0.001 -22"><span class='ocrx_word' id='word_1_179' title='bbox 737 2431 876 2493; x_wconf 74' lang='grc' dir='ltr'>κατὰ</span> <span class='ocrx_word' id='word_1_180' title='bbox 907 2431 1068 2493; x_wconf 78' lang='grc' dir='ltr'>ταυτὸ</span> <span class='ocrx_word' id='word_1_181' title='bbox 1093 2425 1160 2507; x_wconf 72' lang='grc' dir='ltr'>ἦν</span> <span class='ocrx_word' id='word_1_182' title='bbox 1189 2458 1246 2495; x_wconf 90' lang='grc' dir='ltr'>τε</span> <span class='ocrx_word' id='word_1_183' title='bbox 1273 2432 1363 2493; x_wconf 76' lang='grc' dir='ltr'>καὶ</span> <span class='ocrx_word' id='word_1_184' title='bbox 1394 2432 1506 2493; x_wconf 75' lang='grc' dir='ltr'>ἔστι</span> <span class='ocrx_word' id='word_1_185' title='bbox 1539 2432 1614 2511; x_wconf 83' lang='grc' dir='ltr'>μὴ</span> <span class='ocrx_word' id='word_1_186' title='bbox 1644 2432 1735 2509; x_wconf 76' lang='grc' dir='ltr'>ὂν,</span> <span class='ocrx_word' id='word_1_187' title='bbox 1768 2432 2045 2514; x_wconf 81' lang='grc' dir='ltr'>ἐνάριθμον</span> <span class='ocrx_word' id='word_1_188' title='bbox 2075 2437 2183 2495; x_wconf 85' lang='grc' dir='ltr'>τῶν</span> <span class='ocrx_word' id='word_1_189' title='bbox 2210 2437 2422 2495; x_wconf 82' lang='grc' dir='ltr'>πολλῶν</span> <span class='ocrx_word' id='word_1_190' title='bbox 2451 2421 2581 2501; x_wconf 72' lang='grc' dir='ltr'>εἶδος</span> <span class='ocrx_word' id='word_1_191' title='bbox 2622 2430 2703 2491; x_wconf 79' lang='grc' dir='ltr'>ἔν.</span> 
     </span>
     <span class='ocr_line' id='line_1_19' title="bbox 739 2546 1264 2627; baseline 0.002 -22"><span class='ocrx_word' id='word_1_192' title='bbox 739 2547 928 2627; x_wconf 77' lang='lat' dir='ltr'>Soph.</span> <span class='ocrx_word' id='word_1_193' title='bbox 952 2548 1086 2604; x_wconf 84' lang='lat'>180.</span> <span class='ocrx_word' id='word_1_194' title='bbox 1119 2546 1176 2607; x_wconf 94' lang='lat' dir='ltr'>d.</span> <span class='ocrx_word' id='word_1_195' title='bbox 1211 2567 1264 2606; x_wconf 89' lang='lat' dir='ltr'>e.</span> 
     </span>
    </p>
   </div>
   <div class='ocr_carea' id='block_1_5' title="bbox 821 2649 2709 2735">
    <p class='ocr_par' dir='ltr' id='par_1_7' title="bbox 821 2649 2709 2735">
     <span class='ocr_line' id='line_1_20' title="bbox 821 2649 2709 2735; baseline 0.001 -20"><span class='ocrx_word' id='word_1_196' title='bbox 821 2659 933 2733; x_wconf 90' lang='lat' dir='ltr'>Qui</span> <span class='ocrx_word' id='word_1_197' title='bbox 955 2678 1095 2717; x_wconf 88' lang='lat' dir='ltr'>vero</span> <span class='ocrx_word' id='word_1_198' title='bbox 1115 2659 1268 2717; x_wconf 85' lang='lat' dir='ltr'>dicat</span> <span class='ocrx_word' id='word_1_199' title='bbox 1293 2679 1546 2719; x_wconf 90' lang='lat' dir='ltr'>uon-ens</span> <span class='ocrx_word' id='word_1_200' title='bbox 1567 2661 1716 2720; x_wconf 89' lang='lat' dir='ltr'>entis</span> <span class='ocrx_word' id='word_1_201' title='bbox 1733 2679 1854 2720; x_wconf 90' lang='lat' dir='ltr'>esse</span> <span class='ocrx_word' id='word_1_202' title='bbox 1876 2662 2254 2735; x_wconf 82' lang='lat' dir='ltr'>contrarium,</span> <span class='ocrx_word' id='word_1_203' title='bbox 2276 2649 2333 2719; x_wconf 74' lang='lat' dir='ltr'>in</span> <span class='ocrx_word' id='word_1_204' title='bbox 2355 2678 2607 2720; x_wconf 89' lang='lat' dir='ltr'>errorem</span> <span class='ocrx_word' id='word_1_205' title='bbox 2625 2659 2709 2716; x_wconf 89' lang='lat' dir='ltr'>in-</span> 
     </span>
    </p>
   </div>
   <div class='ocr_carea' id='block_1_6' title="bbox 740 2775 2708 2859">
    <p class='ocr_par' dir='ltr' id='par_1_8' title="bbox 740 2775 2708 2859">
     <span class='ocr_line' id='line_1_21' title="bbox 740 2775 2708 2859; baseline -0.002 -21"><span class='ocrx_word' id='word_1_206' title='bbox 740 2776 915 2851; x_wconf 81' lang='lat' dir='ltr'>cidat3</span> <span class='ocrx_word' id='word_1_207' title='bbox 937 2790 997 2836; x_wconf 83' lang='lat' dir='ltr'>at</span> <span class='ocrx_word' id='word_1_208' title='bbox 1014 2791 1107 2837; x_wconf 90' lang='lat' dir='ltr'>tan</span> <span class='ocrx_word' id='word_1_209' title='bbox 1117 2780 1417 2839; x_wconf 89' lang='lat' dir='ltr'>tummodo</span> <span class='ocrx_word' id='word_1_210' title='bbox 1434 2783 1677 2839; x_wconf 82' lang='lat' dir='ltr'>alterum</span> <span class='ocrx_word' id='word_1_211' title='bbox 1696 2779 1975 2859; x_wconf 81' lang='lat' dir='ltr'>quiddam</span> <span class='ocrx_word' id='word_1_212' title='bbox 1999 2794 2085 2841; x_wconf 89' lang='lat' dir='ltr'>est</span> <span class='ocrx_word' id='word_1_213' title='bbox 2103 2775 2708 2840; x_wconf 71' lang='lat' dir='ltr'>habendum.‘0·1t‹5wv</span> 
     </span>
    </p>
   </div>
   <div class='ocr_carea' id='block_1_7' title="bbox 739 2888 2813 2973">
    <p class='ocr_par' dir='ltr' id='par_1_9' title="bbox 739 2888 2813 2973">
     <span class='ocr_line' id='line_1_22' title="bbox 739 2888 2813 2973; baseline -0.002 -20"><span class='ocrx_word' id='word_1_214' title='bbox 739 2894 800 2953; x_wconf 83' lang='grc' dir='ltr'>τὸ</span> <span class='ocrx_word' id='word_1_215' title='bbox 825 2891 901 2970; x_wconf 81' lang='grc' dir='ltr'>μὴ</span> <span class='ocrx_word' id='word_1_216' title='bbox 921 2890 978 2951; x_wconf 85' lang='grc' dir='ltr'>ὂν</span> <span class='ocrx_word' id='word_1_217' title='bbox 996 2892 1260 2972; x_wconf 84' lang='grc' dir='ltr'>λέγωμεν,</span> <span class='ocrx_word' id='word_1_218' title='bbox 1283 2896 1355 2959; x_wconf 79' lang='grc' dir='ltr'>ὡς</span> <span class='ocrx_word' id='word_1_219' title='bbox 1381 2891 1569 2964; x_wconf 82' lang='grc' dir='ltr'>ἔοικεν,</span> <span class='ocrx_word' id='word_1_220' title='bbox 1591 2894 1687 2953; x_wconf 75' lang='grc' dir='ltr'>οὐκ</span> <span class='ocrx_word' id='word_1_221' title='bbox 1707 2892 1939 2954; x_wconf 84' lang='grc' dir='ltr'>ἐναντίον</span> <span class='ocrx_word' id='word_1_222' title='bbox 1958 2918 2011 2953; x_wconf 88' lang='grc' dir='ltr'>τι</span> <span class='ocrx_word' id='word_1_223' title='bbox 2033 2893 2254 2973; x_wconf 83' lang='grc' dir='ltr'>λέγομεν</span> <span class='ocrx_word' id='word_1_224' title='bbox 2281 2900 2372 2953; x_wconf 80' lang='grc' dir='ltr'>τοῦ</span> <span class='ocrx_word' id='word_1_225' title='bbox 2400 2893 2567 2964; x_wconf 85' lang='grc' dir='ltr'>ὄντος,</span> <span class='ocrx_word' id='word_1_226' title='bbox 2584 2888 2706 2949; x_wconf 84' lang='grc' dir='ltr'>ἀλλ’</span> <span class='ocrx_word' id='word_1_227' title='bbox 2797 2952 2813 2960; x_wconf 73' lang='grc'>,</span> 
     </span>
    </p>
   </div>
   <div class='ocr_carea' id='block_1_8' title="bbox 742 3000 2747 3546">
    <p class='ocr_par' dir='ltr' id='par_1_10' title="bbox 742 3000 2747 3546">
     <span class='ocr_line' id='line_1_23' title="bbox 742 3000 2713 3089; baseline 0 -31"><span class='ocrx_word' id='word_1_228' title='bbox 742 3000 918 3082; x_wconf 81' lang='grc' dir='ltr'>ἕτερον</span> <span class='ocrx_word' id='word_1_229' title='bbox 943 3002 1124 3080; x_wconf 83' lang='grc' dir='ltr'>μόνον.</span> <span class='ocrx_word' id='word_1_230' title='bbox 1154 3003 1326 3081; x_wconf 78' lang='lat' dir='ltr'>Soph.</span> <span class='ocrx_word' id='word_1_231' title='bbox 1369 3024 1478 3080; x_wconf 87' lang='lat'>179</span> <span class='ocrx_word' id='word_1_232' title='bbox 1507 3003 1562 3064; x_wconf 61' lang='lat' dir='ltr'>f:</span> <span class='ocrx_word' id='word_1_233' title='bbox 1582 3004 1751 3079; x_wconf 90' lang='lat' dir='ltr'>Quod</span> <span class='ocrx_word' id='word_1_234' title='bbox 1782 3005 1830 3063; x_wconf 91' lang='lat' dir='ltr'>si</span> <span class='ocrx_word' id='word_1_235' title='bbox 1858 3004 1988 3081; x_wconf 89' lang='lat' dir='ltr'>quis</span> <span class='ocrx_word' id='word_1_236' title='bbox 2007 3003 2079 3062; x_wconf 90' lang='lat' dir='ltr'>de</span> <span class='ocrx_word' id='word_1_237' title='bbox 2107 3004 2256 3062; x_wconf 88' lang='lat' dir='ltr'>entis</span> <span class='ocrx_word' id='word_1_238' title='bbox 2283 3002 2573 3089; x_wconf 72' lang='lat' dir='ltr'>contrario</span> <span class='ocrx_word' id='word_1_239' title='bbox 2596 3001 2713 3059; x_wconf 87' lang='lat' dir='ltr'>dis-</span> 
     </span>
     <span class='ocr_line' id='line_1_24' title="bbox 743 3115 2711 3196; baseline -0.002 -21"><span class='ocrx_word' id='word_1_240' title='bbox 743 3128 980 3191; x_wconf 82' lang='lat' dir='ltr'>sereret,</span> <span class='ocrx_word' id='word_1_241' title='bbox 1004 3115 1148 3174; x_wconf 85' lang='lat' dir='ltr'>illud</span> <span class='ocrx_word' id='word_1_242' title='bbox 1177 3116 1415 3194; x_wconf 88' lang='lat' dir='ltr'>quidem</span> <span class='ocrx_word' id='word_1_243' title='bbox 1440 3117 1500 3174; x_wconf 91' lang='lat' dir='ltr'>in</span> <span class='ocrx_word' id='word_1_244' title='bbox 1528 3130 1721 3176; x_wconf 90' lang='lat' dir='ltr'>mente</span> <span class='ocrx_word' id='word_1_245' title='bbox 1748 3116 2013 3191; x_wconf 88' lang='lat' dir='ltr'>haberet,</span> <span class='ocrx_word' id='word_1_246' title='bbox 2044 3116 2204 3194; x_wconf 91' lang='lat' dir='ltr'>quod</span> <span class='ocrx_word' id='word_1_247' title='bbox 2229 3117 2482 3196; x_wconf 87' lang='lat' dir='ltr'>primum</span> <span class='ocrx_word' id='word_1_248' title='bbox 2515 3115 2711 3174; x_wconf 88' lang='lat' dir='ltr'>animo</span> 
     </span>
     <span class='ocr_line' id='line_1_25' title="bbox 745 3230 2715 3309; baseline -0.001 -22"><span class='ocrx_word' id='word_1_249' title='bbox 745 3248 864 3287; x_wconf 88' lang='lat' dir='ltr'>non</span> <span class='ocrx_word' id='word_1_250' title='bbox 908 3231 1079 3308; x_wconf 84' lang='lat' dir='ltr'>plane</span> <span class='ocrx_word' id='word_1_251' title='bbox 1108 3231 1547 3308; x_wconf 82' lang='lat' dir='ltr'>comprehendi,</span> <span class='ocrx_word' id='word_1_252' title='bbox 1598 3251 1885 3309; x_wconf 85' lang='lat' dir='ltr'>nusquam</span> <span class='ocrx_word' id='word_1_253' title='bbox 1924 3230 2135 3288; x_wconf 90' lang='lat' dir='ltr'>dehinc</span> <span class='ocrx_word' id='word_1_254' title='bbox 2174 3230 2236 3287; x_wconf 91' lang='lat' dir='ltr'>in</span> <span class='ocrx_word' id='word_1_255' title='bbox 2283 3242 2488 3287; x_wconf 88' lang='lat' dir='ltr'>natura</span> <span class='ocrx_word' id='word_1_256' title='bbox 2519 3247 2715 3286; x_wconf 86' lang='lat' dir='ltr'>rerum</span> 
     </span>
     <span class='ocr_line' id='line_1_26' title="bbox 747 3341 2747 3428; baseline -0.003 -24"><span class='ocrx_word' id='word_1_257' title='bbox 747 3345 985 3425; x_wconf 86' lang='lat' dir='ltr'>reperiri</span> <span class='ocrx_word' id='word_1_258' title='bbox 1028 3347 1229 3424; x_wconf 83' lang='lat' dir='ltr'>possit.</span> <span class='ocrx_word' id='word_1_259' title='bbox 1276 3348 1368 3409; x_wconf 89' lang='lat' dir='ltr'>Sic</span> <span class='ocrx_word' id='word_1_260' title='bbox 1406 3367 1645 3428; x_wconf 87' lang='lat' dir='ltr'>prorsus</span> <span class='ocrx_word' id='word_1_261' title='bbox 1685 3368 1759 3406; x_wconf 90' lang='lat' dir='ltr'>ex</span> <span class='ocrx_word' id='word_1_262' title='bbox 1791 3349 2039 3407; x_wconf 86' lang='lat' dir='ltr'>Platonis</span> <span class='ocrx_word' id='word_1_263' title='bbox 2063 3347 2346 3407; x_wconf 86' lang='lat' dir='ltr'>sententia</span> <span class='ocrx_word' id='word_1_264' title='bbox 2372 3341 2747 3403; x_wconf 69' lang='lat' dir='ltr'>existiman-‘</span> 
     </span>
     <span class='ocr_line' id='line_1_27' title="bbox 745 3450 2717 3546; baseline -0.002 -27"><span class='ocrx_word' id='word_1_265' title='bbox 745 3461 884 3520; x_wconf 91' lang='lat' dir='ltr'>dum</span> <span class='ocrx_word' id='word_1_266' title='bbox 909 3486 926 3522; x_wconf 75' lang='grc' dir='ltr'>ε</span> <span class='ocrx_word' id='word_1_267' title='bbox 952 3464 999 3522; x_wconf 88' lang='lat' dir='ltr'>si</span> <span class='ocrx_word' id='word_1_268' title='bbox 1020 3483 1124 3524; x_wconf 89' lang='lat' dir='ltr'>ens</span> <span class='ocrx_word' id='word_1_269' title='bbox 1146 3464 1418 3543; x_wconf 89' lang='lat' dir='ltr'>idemque</span> <span class='ocrx_word' id='word_1_270' title='bbox 1440 3486 1621 3524; x_wconf 91' lang='lat' dir='ltr'>unum</span> <span class='ocrx_word' id='word_1_271' title='bbox 1646 3450 1752 3546; x_wconf 84' lang='lat' dir='ltr'>per</span> <span class='ocrx_word' id='word_1_272' title='bbox 1771 3486 1831 3526; x_wconf 88' lang='lat' dir='ltr'>se</span> <span class='ocrx_word' id='word_1_273' title='bbox 1851 3485 1970 3525; x_wconf 90' lang='lat' dir='ltr'>nou</span> <span class='ocrx_word' id='word_1_274' title='bbox 1991 3467 2186 3525; x_wconf 90' lang='lat' dir='ltr'>omnia</span> <span class='ocrx_word' id='word_1_275' title='bbox 2209 3463 2439 3535; x_wconf 85' lang='lat' dir='ltr'>evadat,</span> <span class='ocrx_word' id='word_1_276' title='bbox 2459 3479 2717 3518; x_wconf 88' lang='lat' dir='ltr'>non-ens</span> 
     </span>
    </p>
   </div>
   <div class='ocr_carea' id='block_1_9' title="bbox 683 3576 2713 3659">
    <p class='ocr_par' dir='ltr' id='par_1_11' title="bbox 683 3576 2713 3659">
     <span class='ocr_line' id='line_1_28' title="bbox 683 3576 2713 3659; baseline -0.001 -22"><span class='ocrx_word' id='word_1_277' title='bbox 683 3628 692 3637; x_wconf 95' lang='lat'>.</span> <span class='ocrx_word' id='word_1_278' title='bbox 750 3579 1068 3638; x_wconf 85' lang='lat' dir='ltr'>necessario</span> <span class='ocrx_word' id='word_1_279' title='bbox 1093 3578 1354 3657; x_wconf 87' lang='lat' dir='ltr'>reperiri,</span> <span class='ocrx_word' id='word_1_280' title='bbox 1398 3592 1454 3637; x_wconf 91' lang='lat' dir='ltr'>et</span> <span class='ocrx_word' id='word_1_281' title='bbox 1491 3579 1624 3638; x_wconf 91' lang='lat' dir='ltr'>ideo</span> <span class='ocrx_word' id='word_1_282' title='bbox 1652 3582 1849 3659; x_wconf 86' lang='lat' dir='ltr'>aliquo</span> <span class='ocrx_word' id='word_1_283' title='bbox 1879 3580 2053 3639; x_wconf 91' lang='lat' dir='ltr'>modo</span> <span class='ocrx_word' id='word_1_284' title='bbox 2082 3577 2378 3652; x_wconf 35' lang='lat' dir='ltr'>entis-fieri</span> <span class='ocrx_word' id='word_1_285' title='bbox 2405 3576 2713 3655; x_wconf 85' lang='lat' dir='ltr'>particeps.</span> 
     </span>
    </p>
   </div>
   <div class='ocr_carea' id='block_1_10' title="bbox 748 3794 2715 3953">
    <p class='ocr_par' dir='ltr' id='par_1_12' title="bbox 748 3794 2715 3953">
     <span class='ocr_line' id='line_1_29' title="bbox 816 3794 2715 3863; baseline 0.005 -20"><span class='ocrx_word' id='word_1_286' title='bbox 816 3794 892 3859; x_wconf 64' lang='grc' dir='ltr'>(Η</span> <span class='ocrx_word' id='word_1_287' title='bbox 925 3798 1046 3851; x_wconf 72' lang='grc' dir='ltr'>Αὕτη</span> <span class='ocrx_word' id='word_1_288' title='bbox 1070 3801 1160 3863; x_wconf 75' lang='grc' dir='ltr'>γὰρ</span> <span class='ocrx_word' id='word_1_289' title='bbox 1184 3799 1212 3851; x_wconf 81' lang='grc' dir='ltr'>ἡ</span> <span class='ocrx_word' id='word_1_290' title='bbox 1246 3798 1518 3862; x_wconf 72' lang='grc' dir='ltr'>παρὲκὸασις</span> <span class='ocrx_word' id='word_1_291' title='bbox 1543 3803 1669 3849; x_wconf 74' lang='grc' dir='ltr'>αἰτία</span> <span class='ocrx_word' id='word_1_292' title='bbox 1692 3803 1767 3848; x_wconf 79' lang='grc' dir='ltr'>καὶ</span> <span class='ocrx_word' id='word_1_293' title='bbox 1800 3807 1878 3849; x_wconf 80' lang='grc' dir='ltr'>τοῦ</span> <span class='ocrx_word' id='word_1_294' title='bbox 1912 3803 2303 3861; x_wconf 49' lang='grc' dir='ltr'>τὸάντικείμενον</span> <span class='ocrx_word' id='word_1_295' title='bbox 2338 3796 2590 3856; x_wconf 64' lang='grc' dir='ltr'>ζητοῦντας</span> <span class='ocrx_word' id='word_1_296' title='bbox 2607 3827 2622 3852; x_wconf 75' lang='lat'>9</span> <span class='ocrx_word' id='word_1_297' title='bbox 2648 3799 2715 3856; x_wconf 67' lang='grc' dir='ltr'>Τῷ</span> 
     </span>
     <span class='ocr_line' id='line_1_30' title="bbox 748 3875 2713 3953; baseline -0.004 -23"><span class='ocrx_word' id='word_1_298' title='bbox 748 3885 841 3932; x_wconf 82' lang='grc' dir='ltr'>ὄντι</span> <span class='ocrx_word' id='word_1_299' title='bbox 861 3884 934 3929; x_wconf 72' lang='grc' dir='ltr'>καὶ</span> <span class='ocrx_word' id='word_1_300' title='bbox 955 3888 1022 3943; x_wconf 80' lang='grc' dir='ltr'>τῷ</span> <span class='ocrx_word' id='word_1_301' title='bbox 1041 3881 1121 3938; x_wconf 76' lang='grc' dir='ltr'>ἑνὶ,</span> <span class='ocrx_word' id='word_1_302' title='bbox 1144 3884 1194 3939; x_wconf 70' lang='grc' dir='ltr'>ἐξ</span> <span class='ocrx_word' id='word_1_303' title='bbox 1210 3877 1262 3929; x_wconf 84' lang='grc' dir='ltr'>οὗ</span> <span class='ocrx_word' id='word_1_304' title='bbox 1279 3885 1354 3931; x_wconf 81' lang='grc' dir='ltr'>καὶ</span> <span class='ocrx_word' id='word_1_305' title='bbox 1373 3882 1543 3931; x_wconf 76' lang='grc' dir='ltr'>τούτων</span> <span class='ocrx_word' id='word_1_306' title='bbox 1561 3887 1621 3931; x_wconf 81' lang='grc' dir='ltr'>τά</span> <span class='ocrx_word' id='word_1_307' title='bbox 1640 3884 1771 3943; x_wconf 77' lang='grc' dir='ltr'>ὄντα,</span> <span class='ocrx_word' id='word_1_308' title='bbox 1793 3887 1846 3931; x_wconf 65' lang='grc' dir='ltr'>τ’)</span> <span class='ocrx_word' id='word_1_309' title='bbox 1865 3889 1973 3949; x_wconf 79' lang='grc' dir='ltr'>πρὸς</span> <span class='ocrx_word' id='word_1_310' title='bbox 1991 3900 2055 3940; x_wconf 80' lang='grc' dir='ltr'>τι,</span> <span class='ocrx_word' id='word_1_311' title='bbox 2067 3885 2151 3953; x_wconf 19' lang='grc' dir='ltr'>,καὶ</span> <span class='ocrx_word' id='word_1_312' title='bbox 2171 3884 2223 3929; x_wconf 84' lang='grc' dir='ltr'>τὸ</span> <span class='ocrx_word' id='word_1_313' title='bbox 2249 3884 2399 3929; x_wconf 82' lang='grc' dir='ltr'>α”νισον</span> <span class='ocrx_word' id='word_1_314' title='bbox 2422 3875 2713 3927; x_wconf 67' lang='grc' dir='ltr'>ὑποθεῖναι...</span> 
     </span>
    </p>
   </div>
   <div class='ocr_carea' id='block_1_11' title="bbox 751 3957 1348 4023">
    <p class='ocr_par' dir='ltr' id='par_1_13' title="bbox 751 3957 1348 4023">
     <span class='ocr_line' id='line_1_31' title="bbox 751 3957 1348 4023; baseline -0.002 -14"><span class='ocrx_word' id='word_1_315' title='bbox 751 3959 886 4009; x_wconf 59' lang='grc' dir='ltr'><strong><em>Μαι.</em></strong></span> <span class='ocrx_word' id='word_1_316' title='bbox 915 3957 1052 4019; x_wconf 83' lang='lat' dir='ltr'>xw,</span> <span class='ocrx_word' id='word_1_317' title='bbox 1075 3960 1126 4020; x_wconf 85' lang='lat'>2,</span> <span class='ocrx_word' id='word_1_318' title='bbox 1147 3976 1194 4023; x_wconf 75' lang='lat' dir='ltr'>p.</span> <span class='ocrx_word' id='word_1_319' title='bbox 1220 3960 1348 4008; x_wconf 82' lang='lat'>973.</span> 
     </span>
    </p>
   </div>
  </div>
 </body>
</html>
