3094 4963
1302 506 1376 562 99

364 630 440 712 τῷ
471 633 545 711 μὴ
577 633 686 692 ὄντι
716 635 806 691 τοῦ
848 621 982 691 εἶναι
1022 629 1257 710 μέτεστι.
1297 674 1335 689 ..
1375 632 1466 690 καὶ
1504 631 1655 691 οὐσία
1693 631 1755 704 δὴ
1796 631 2036 711 φαίνεται
2064 674 2076 689 .
2110 677 2148 692 ..
2181 632 2227 690 εἰ
2258 627 2333 708 μὴ

362 750 507 808 ἔστι.
543 749 752 809 Parm.
790 750 963 813 1134.
989 751 1049 813 d.
1085 755 1354 811 Attamen
1390 771 1666 826 nomem,
1706 772 2038 830 quanquam
2076 755 2167 810 τοῦ
2201 739 2336 808 εἶναι

361 861 438 919 sit
465 862 775 940 particeps,
808 861 1101 940 propriam
1145 861 1522 922 nihilominus
1547 875 1816 922 naturam
1852 866 1943 921 τοῦ
1975 860 2050 939 μὴ
2081 851 2214 921 εἶναι
2238 879 2335 918 re-

292 1045 310 1057 ·
364 976 511 1034 tinet
542 1001 555 1034 :
581 975 764 1048 ἐπειδὴ
822 977 918 1035 οὔκ
960 975 1111 1051 ἔστι,
1149 982 1241 1037 τοῦ
1287 968 1421 1038 εἶναι
1466 976 1675 1056 ἀνάγκη
1718 985 1995 1055 μετεῖναι,
2040 978 2114 1045 εἷς
2156 975 2218 1035 τὸ
2263 973 2337 1053 μὴ

362 1078 517 1148 εἶναι.
542 1122 616 1135 -
635 1090 730 1149 Δεῖ
757 1089 864 1169 ἄρα
892 1088 1021 1149 αὑτὸ
1042 1089 1234 1165 δεσμὸν
1256 1090 1399 1170 ἔχειν
1438 1096 1529 1151 τοῦ
1565 1084 1640 1167 μὴ
1682 1079 1815 1149 εἶναι
1836 1133 1853 1162 ,
1893 1090 1955 1150 τὸ
1984 1078 2121 1149 εἶναι
2161 1087 2237 1167 μὴ
2262 1088 2341 1161 ὂν,

366 1204 413 1260 εἰ
436 1201 620 1278 μέλλει
646 1200 721 1279 μὴ
746 1191 900 1261 εἶναι.
938 1245 951 1259 .
979 1202 1041 1262 τὸ
1062 1200 1116 1262 δὲ
1139 1186 1216 1281 μὴ
1239 1201 1318 1274 ὂν,
1363 1202 1438 1282 μὴ
1460 1202 1641 1272 οὐσίας
1675 1201 1773 1281 μὲν
1794 1209 1888 1263 τοῦ
1913 1201 1988 1282 μὴ
2019 1192 2153 1262 εἶναι
2181 1200 2255 1281 μὴ
2279 1200 2334 1261 ὃν

365 1313 663 1394 (μέτεχει),
688 1307 866 1380 οὐσίας
894 1312 950 1373 δὲ
972 1319 1065 1373 τοῦ
1092 1305 1228 1375 εἶναι
1255 1314 1331 1392 μὴ
1373 1315 1429 1375 ὅν
1455 1364 1477 1392 ,
1524 1318 1571 1375 εἷ
1609 1314 1700 1375 καὶ
1736 1315 1797 1375 τὸ
1832 1314 1907 1393 μὴ
1951 1315 2009 1376 ὂν
2052 1306 2121 1375 αῧ
2147 1314 2342 1383 τελέως

364 1428 541 1492 ἔσται.
595 1431 805 1488 Parm.
853 1451 877 1487 1
897 1434 1030 1500 134,
1074 1433 1133 1490 d.
1165 1438 1253 1492 Ita
1286 1434 1520 1492 demum
1547 1434 1693 1493 illud
1716 1434 1789 1492 de
1820 1446 2107 1493 non-ente
2128 1433 2343 1512 dogma

363 1538 527 1598 brevi
553 1540 820 1598 concludi
845 1553 1034 1618 potest
1055 1565 1072 1599 ε
1098 1556 1321 1601 tantum
1340 1529 1426 1603 est
1445 1565 1705 1603 non-ens
1731 1558 2014 1622 quantum
2038 1544 2344 1604 necessitas

366 1652 637 1730 postulat,
668 1654 817 1712 utin
844 1643 1035 1711 rerum
1069 1668 1270 1713 natura
1299 1657 1500 1732 detur3
1531 1658 1613 1714 nil
1641 1670 1728 1715 est
1750 1657 2021 1735 amplius.

443 1771 624 1831 Nobis
644 1785 838 1829 autem
864 1770 1095 1848 Dyada,
1125 1790 1256 1829 cum
1286 1772 1385 1830 illo
1404 1771 1716 1850 principio,
1746 1772 1904 1850 quod
1931 1773 2096 1831 Plato
2116 1773 2344 1831 Aristo·-

366 1884 620 1962 telesque
647 1884 925 1964 (Platonis
943 1884 1232 1965 principia
1261 1883 1534 1966 referens)
1569 1880 1784 1965 Θᾶτερον
1814 1897 2061 1960 vocant,
2104 1886 2344 1944 omnino

362 2022 528 2082 posse
557 2002 865 2078 confundi,
898 2004 1052 2082 jure,
1084 2017 1151 2064 ut
1179 2004 1433 2078 videtur,
1462 2005 1814 2076 dicentibus,
1850 2005 2012 2064 nullo
2040 2003 2216 2062 modo
2246 2023 2345 2062 ar-

363 2115 545 2173 duum
585 2128 673 2174 est
701 2106 1106 2196 comprobare,
1145 2117 1355 2196 Dyada
1382 2117 1456 2177 ad
1484 2118 1663 2194 istud,
1717 2117 1877 2195 quod
1928 2137 2087 2176 nunc
2130 2112 2345 2196 de'pre-

365 2224 699 2300 hendimus,
729 2244 1012 2285 non-ens
1038 2245 1160 2299 esse
1189 2223 1586 2304 redigendam.
1628 2226 1782 2285 Illud
1814 2227 1969 2285 enim
2000 2226 2219 2306 θάτερον
2261 2230 2348 2285 est

366 2338 420 2394 in
445 2356 565 2413 quo
595 2330 859 2398 non-ens
876 2340 1070 2399 lateat.
1111 2345 1282 2399 «Non
1313 2332 1524 2412 solum,
1552 2339 1633 2398 ait
1661 2338 1855 2411 Plato,
1897 2358 2018 2396 non
2044 2338 2199 2396 entia
2226 2356 2348 2396 esse

366 2451 744 2525 ostendimus,
775 2453 876 2513 sed
915 2473 1046 2533 quae
1074 2454 1150 2514 sit
1178 2454 1506 2514 non-entis
1543 2453 1762 2533 species
1801 2451 2344 2512 demonstravimus.

371 2568 515 2624 Cum
538 2566 691 2623 enim
725 2567 1158 2627 ostenderemus
1180 2542 1415 2628 alterius
1439 2566 1622 2646 ipsius
1645 2580 1912 2627 naturam
1951 2583 2095 2643 esse,
2117 2561 2350 2644 'perque

371 2678 570 2737 omnia
621 2678 778 2737 entia
830 2678 1074 2739 divisam
1125 2694 1301 2758 atque
1359 2680 1673 2759 dispersam
1724 2681 2006 2752 invicem,
2046 2691 2103 2738 et
2144 2696 2353 2736 unam-

370 2811 665 2869 quamque
692 2790 816 2870 ejus
838 2805 1062 2873 partem
1091 2795 1212 2853 enti
1235 2796 1590 2875 oppositam,
1616 2789 1738 2856 esse
1763 2795 1954 2873 ipsum
1979 2810 2179 2851 revera
2199 2810 2351 2849 non-

371 2925 474 2967 ens
500 2906 866 2966 asseruimus.
893 2932 917 2960 »
952 2903 1144 2984 Ἡμεῖς
1168 2905 1227 2965 δέ
1251 2931 1314 2986 γε
1335 2910 1394 2967 οὗ
1422 2906 1580 2985 μόνον
1609 2905 1676 2966 τὰ
1709 2905 1784 2985 μὴ
1803 2904 1934 2965 ὅντα
1963 2906 2035 2971 ὣς
2058 2902 2200 2962 ἔστιν
2226 2904 2356 2961 ἀπο-

371 3020 777 3099 δείξαμεν,ἀλλὰ
795 3022 886 3082 καὶ
907 3022 970 3082 τὸ
991 3013 1142 3096 εἶδος,
1164 3020 1199 3081 ὅ
1212 3021 1464 3104 τυγχάνει
1485 3021 1658 3097 ὃν,το’ὐ’
1677 3022 1754 3101 μὴ
1777 3023 1923 3090 ὄντος
1946 3018 2353 3100 ἀπεφηνάμεθα·

371 3133 468 3204 τὴν
499 3131 605 3214 γὰρ
631 3132 855 3213 θατέρου
883 3132 1040 3213 φύσιν
1067 3133 1436 3202 ἀποδείξαντες
1461 3123 1624 3194 οῧσᾶν
1652 3158 1711 3193 τε
1738 3133 1828 3193 καὶ
1858 3119 2357 3209 κατακεκερματισ-

372 3246 536 3325 μένην
566 3246 658 3308 ἐπὶ
693 3246 870 3308 πάντα
905 3248 972 3307 τὰ
1001 3248 1128 3309 ὄντα
1153 3248 1285 3329 πρὸς
1316 3248 1543 3322 ἄλληλα,
1581 3248 1643 3309 τὸ
1672 3248 1804 3329 πρὸς
1833 3248 1897 3307 τὸ
1935 3245 1991 3305 ὂν
2023 3246 2248 3306 ἕκαστον
2275 3243 2357 3323 (1)

374 3353 557 3441 μόριον
580 3360 745 3431 αὐτῆς
765 3360 1176 3440 ἄντιτιθέμενον,
1197 3361 1570 3440 ἐτολμήσαμεν
1592 3364 1783 3433 εἰπεῖν,
1798 3366 1870 3427 ὥς
1890 3335 2019 3419 αὐτὸ
2038 3358 2193 3418 τοῦτὸ
2216 3359 2358 3416 ἐστιν

374 3472 537 3539 ὄντως
565 3474 629 3531 τὸ
657 3470 731 3548 μὴ
761 3470 836 3531 ὅν.
854 3473 1034 3552 Soph.
1079 3473 1206 3533 180.
1235 3473 1274 3533 f.
1313 3473 1442 3534 181.
1465 3493 1518 3533 a.
1543 3475 1626 3554 (2)
1655 3477 1795 3548 Quae
1821 3484 2015 3530 autem
2039 3483 2128 3531 est
2147 3469 2246 3529 illa
2263 3468 2360 3527 al-

442 3669 519 3738 (1)
537 3680 598 3724 Τὸ
614 3677 665 3724 ὃν
688 3661 943 3725 &catervae-q
968 3673 1054 3724 Sic
1077 3671 1447 3745 editaBekker.
1469 3674 1530 3724 In
1565 3672 1691 3730 edit,
1715 3671 1924 3724 Francf.
1952 3680 2005 3727 τὸ
2022 3679 2072 3726 ὃν
2090 3676 2350 3725 ἑκάστου...

377 3754 533 3822 legas,
571 3770 685 3819 quae
720 3751 929 3821 quidem
953 3753 1110 3806 lectio
1138 3754 1304 3806 minus
1325 3753 1394 3805 ad
1419 3752 1649 3806 nostram
1685 3758 1989 3806 sententiam
2014 3752 2361 3821 compi-ohan·
2433 3823 2439 3832 ·

381 3836 501 3887 dam
521 3846 666 3902 apta.
1999 3887 2004 3892 .

449 3918 523 3985 (2)
542 3926 602 3973 Τὸ
626 3925 711 3984 μὲν
747 3922 802 3979 δὴ
824 3927 894 3985 μὴ
929 3925 979 3976 ’ὸν
1004 3924 1113 3986 ἡμῖν
1143 3925 1189 3971 ἔν
1225 3941 1270 3973 τι
1308 3932 1397 3972 τῶν
1432 3924 1585 3974 ἄλλων
1604 3928 1726 3985 γένος
1744 3921 1961 3988 ἀνεφάνη,
1983 3925 2106 3994 κατᾲ
2126 3925 2279 3973 πάντα
2301 3925 2362 3971 τὰ

383 4009 492 4057 ὄντα
516 4006 865 4072 διεσπάρμενον.
892 4000 1049 4070 Sepla.
1086 4002 1176 4051 184
1191 4042 1202 4055 .
1224 4001 1260 4052 f.
