3094 4963
1691 501 1758 552 14

770 627 1003 683 nomina
1035 644 1163 701 quae
1193 623 1268 681 ab
1320 643 1389 681 eo
1432 636 1705 700 usurpata
1734 622 2006 692 vidimus,
2055 640 2263 698 nempe
2298 634 2483 680 mater
2530 637 2587 681 et
2630 645 2749 683 nu-

770 741 887 795 trix
930 736 1219 816 (ὑποδοχὴν
1248 712 1393 809 αὐτὸ,
1429 726 1534 795 ὀἷον
1575 735 1851 807 τιθήνην...
1870 779 1881 792 .
1919 712 2111 801 aanor.
2142 736 2391 807 αἰσθητοῦ
2422 737 2628 815 μητέρα
2656 739 2753 798 καὶ

768 850 1058 931 ὑποδοχὴν.
1096 853 1265 928 1059.
1294 851 1356 922 b,
1397 852 1565 911 1060.
1594 851 1652 924 d,
1670 863 1726 908 et
1752 851 1961 928 passim
1982 848 2033 928 ),
2055 848 2294 926 legentis
2321 850 2578 910 animum
2606 872 2750 911 con-

774 966 1004 1025 turbare
1025 979 1083 1024 et
1108 934 1180 1024 ad
1210 983 1454 1043 pravum
1491 963 1777 1042 judicium
1801 982 1906 1042 per
1934 963 2166 1022 devium
2191 962 2299 1022 iter
2326 964 2611 1022 deducere
2637 985 2745 1024 va-

769 1081 940 1139 leant.
977 1079 1164 1139 Facile
1201 1089 1390 1137 autem
1437 1076 1576 1135 huic
1597 1075 1780 1134 errori
1825 1073 2053 1132 obviam
2077 1074 2270 1147 iveris,
2307 1076 2355 1134 si
2395 1087 2656 1135 veterum
2685 1091 2747 1138 et

769 1191 1022 1249 Platonis
1069 1189 1248 1267 ipsius
1274 1188 1695 1267 physiologiam
1722 1187 2058 1247 recordatus
2083 1188 2182 1259 sis,
2214 1200 2272 1245 et
2302 1207 2433 1264 quae
2462 1201 2653 1267 partes
2679 1194 2741 1249 in

771 1308 1140 1383 generatione
1156 1306 1325 1365 matri
1349 1304 1424 1364 ab
1445 1304 1557 1365 illis
1576 1306 2026 1383 assignarentur,
2054 1303 2411 1381 cogitaveris,
2445 1308 2611 1382 Cum,
2634 1328 2745 1385 pro

766 1435 965 1474 eorum
990 1417 1294 1485 sententia,
1327 1434 1523 1475 semen
1549 1413 1745 1486 vitale,
1778 1432 1897 1490 quo
1925 1411 2105 1471 futuri
2124 1412 2388 1473 animalis
2399 1414 2521 1492 jam
2549 1419 2743 1503 omnia

767 1530 1092 1589 rudimenta
1105 1530 1496 1603 continentur,
1508 1529 1572 1587 in
1588 1528 1880 1586 matricem
1891 1528 2435 1605 inspergatur‚velut
2447 1530 2506 1588 in
2517 1550 2737 1608 agrum,

765 1645 896 1703 ideo
920 1644 1147 1705 faemina
1169 1645 1312 1704 nihil
1335 1645 1493 1704 aliud
1516 1663 1695 1722 quam
1723 1644 2145 1723 receptaculum
2173 1643 2414 1720 praebet,
2442 1658 2604 1724 pater
2630 1668 2737 1706 au-

768 1774 881 1819 tem
909 1761 1105 1820 omnia
1128 1759 1319 1820 vivida
1340 1759 1729 1838 generationis
1748 1759 2053 1838 principia,
2079 1779 2210 1836 quae
2238 1761 2298 1819 in
2320 1780 2381 1820 se
2401 1761 2598 1840 habet,
2630 1768 2735 1822 mi-

766 1874 987 1952 nistrat.
1036 1872 1140 1933 εῸν
1168 1873 1231 1947 δὴ
1271 1872 1488 1952 σπέρμα
1526 1876 1580 1932 ἐν
1611 1881 1721 1941 τοῖς
1753 1872 1977 1951 πρόσθεν
2005 1872 2178 1951 λόγοις
2207 1872 2454 1952 εἴπομεν·
2483 1880 2511 1935 δ
2539 1876 2618 1951 δὲ,
2650 1878 2734 1936 ἅτ’
2819 1887 2838 1898 ‘

766 1987 1001 2067 ἔμψυχος
1021 1986 1116 2061 ὤν,
1136 1987 1229 2046 καὶ
1248 1985 1428 2047 λαὸὼν
1452 1985 1720 2058 ἀναπνοὴν
1749 1991 1841 2045 τοῦ
1876 1987 1922 2046 δ’
1946 1976 2083 2066 ᾗπερ
2107 1986 2410 2062 ἀνέπνευσε,
2428 1993 2523 2062 τῆς
2550 1991 2734 2070 ἔκρόης

767 2099 993 2172 ζωτικὴν
1023 2099 1302 2177 ἐπιθυμίαν
1326 2098 1625 2178 ἐμποιήσας
1656 2100 1819 2179 αὖτῷ,
1848 2102 1941 2159 τοῦ
1966 2108 2153 2177 γεννᾶν
2180 2099 2353 2180 ἔρωτα
2373 2102 2732 2166 ἀπετέλεσε...

767 2210 1052 2290 μέχριπερ
1075 2208 1137 2268 ἂν
1165 2207 1428 2288 ἑκατέρων
1457 2214 1491 2282 ἡ
1530 2207 1786 2286 ἐπιθυμία
1814 2208 1904 2267 καὶ
1926 2211 1955 2267 ὁ
1979 2206 2106 2288 ἔρως
2136 2208 2478 2289 ἐξαγαγόντες
2501 2202 2606 2272 οἷον
2637 2214 2742 2274 ἀπὸ

767 2328 977 2411 δένδρου
997 2330 1222 2407 καρπὸν,
1245 2320 1382 2410 κᾷτα
1402 2328 1708 2409 δρέψαντες,
1731 2332 1802 2395 ὡς
1829 2331 1901 2395 εἷς
1928 2328 2153 2407 ἄρουραν
2174 2327 2271 2400 τὴν
2292 2329 2518 2409 μήτραν,
2537 2330 2743 2411 ἀόρατα

766 2450 868 2512 ὑπὸ
891 2449 1243 2530 σμικρότητος
1260 2448 1353 2508 καὶ
1367 2447 1708 2509 ἀδιάπλαστα
1728 2449 1837 2516 ζῶα
1858 2448 2323 2529 κατασπείραντες.
2349 2452 2397 2510 T
2396 2454 2547 2510 imoe.
2573 2454 2739 2511 1088.

768 2570 828 2627 b.
862 2589 914 2630 c.

846 2688 916 2740 In
944 2682 1044 2739 illo
1071 2693 1262 2739 autem
1287 2678 1489 2754 verbo,
1524 2684 1748 2754 nutrix,
1775 2682 2012 2742 fortasse
2039 2684 2245 2762 aliquis
2278 2687 2456 2762 magis
2503 2686 2730 2745 haereat.

767 2795 849 2853 Ut
889 2795 983 2854 bic
1028 2812 1264 2871 quoque
1304 2793 1493 2852 nodus
1537 2792 1870 2866 extricetur,
1904 2795 2093 2872 primo
2119 2797 2382 2855 attendas
2408 2817 2676 2876 rogamus
2703 2819 2738 2855 a

766 2918 1005 2977 Platone
1031 2917 1374 2993 plerumque
1400 2914 1616 2991 apponi
1640 2932 1840 2971 vocem
1868 2916 2076 2987 τιθήνη,
2099 2936 2229 2994 quae
2256 2918 2447 2979 miuus
2485 2924 2736 3000 expressi

764 3040 965 3098 sensus
989 3049 1075 3096 est
1098 3055 1272 3113 quam
1320 3036 1527 3115 τροφός,
1564 3047 1623 3095 et
1651 3037 1766 3095 vim
1815 3038 2097 3098 minorem
2128 3040 2320 3101 habet.
2354 3045 2504 3104 Illud
2547 3047 2735 3127 τροφός

763 3161 937 3222 semel
961 3170 1186 3218 tantum
1216 3179 1249 3218 a
1275 3159 1514 3219 Platone
1553 3158 1863 3221 admissum
1892 3176 2001 3238 est,
2029 3183 2227 3226 versus
2273 3165 2483 3246 dialogi
2533 3170 2730 3243 finem,

765 3282 866 3340 ubi
903 3281 975 3339 de
1002 3278 1156 3362 χώρᾳ
1193 3277 1438 3340 dicitur:
1484 3281 1575 3341 ἐὰν
1608 3280 1662 3339 δὲ
1696 3281 1760 3352 ἣν
1801 3282 1991 3361 τροφὸν
2034 3284 2125 3341 καὶ
2154 3286 2368 3356 τιθήνην
2405 3291 2498 3345 τοῦ
2537 3292 2738 3360 παντὸς

764 3402 1144 3483 προσείπομεν.
1179 3402 1350 3462 1088.
1384 3424 1433 3462 c.
1496 3408 1503 3412 ’

845 3527 955 3585 Sed
1001 3545 1203 3585 caveas
1242 3544 1316 3582 ne
1367 3526 1611 3582 nimium
1658 3524 1874 3585 tribuas
1910 3530 2281 3607 metaphorae,
2333 3551 2396 3592 ac
2441 3533 2635 3594 videas
2656 3555 2730 3595 an

764 3671 880 3709 una
911 3652 1205 3710 translatio
1227 3648 1535 3707 verborum
1562 3647 1692 3736 plus
1712 3651 1902 3710 valere
1925 3671 2103 3730 quam
2125 3655 2400 3717 meditata
2426 3672 2484 3719 et
2504 3662 2730 3739 perspi·-

763 3797 870 3836 eua
898 3774 1229 3855 philosophi
1274 3773 1502 3832 decreta
1529 3773 1732 3851 possit.
1761 3779 1894 3854 Ipsa
1920 3795 2058 3837 vero
2081 3781 2373 3841 translatio
2399 3766 2532 3843 cum
2557 3796 2728 3842 caete-

764 3902 842 3960 ris
862 3892 1212 3961 consentana
1230 3898 1542 3971 invenitur,
1564 3894 1666 3973 ubi
1684 3897 1989 3958 innotescit
2013 3901 2173 3964 illum
2189 3905 2291 3980 qui
2310 3906 2572 3967 sensibus
2591 3927 2726 3987 per-
