3094 4963
1686 492 1759 548 «Ὠ

833 625 1004 703 Quod
1032 645 1104 684 ex
1131 624 1304 683 variis
1334 625 1630 683 elementis
1665 624 1842 703 (terra
1880 626 2126 695 scilicet,
2173 645 2340 697 aere,
2370 639 2429 685 et
2476 622 2627 696 aliis)
2669 625 2732 684 in

756 760 941 800 unum
969 737 1303 817 compositis
1327 737 1613 797 conflatur
1630 780 1644 808 ,
1677 738 1819 798 illud
1849 739 2083 818 proprie
2105 759 2319 818 corpus
2344 739 2509 799 Plato
2537 752 2737 799 vocat‘t

757 854 932 914 πάντα
961 852 1067 933 γὰρ
1091 857 1247 929 ἡμεῖς
1269 855 1439 911 ταῦτα
1457 854 1628 933 (πῦρ,
1648 855 1767 931 γῆν,
1788 876 1841 912 κ.
1867 877 1917 912 τ.
1941 854 2017 925 λ.)
2035 850 2103 913 τὰ
2129 857 2219 913 νῦν
2247 852 2310 927 δὴ
2333 852 2616 935 λεχθέντα,
2641 844 2729 936 ’ἆρ’

761 969 856 1026 οὐκ
883 966 956 1033 εἷς
987 963 1051 1025 ἓν
1075 961 1396 1042 συγκείμενα
1423 962 1620 1029 ἰδόντες
1660 962 2085 1042 ἐπωνομάσαμεν
2116 966 2274 1043 σῶμα
2295 951 2327 1039 3¹
2351 994 2435 1013 ⁴—-
2465 964 2541 1026 Tc
2586 964 2732 1042 μήν;

762 1078 932 1138 Phil.
968 1078 1107 1135 382.
1134 1075 1193 1133 b·
1227 1077 1525 1134 Elementa
1551 1095 1690 1135 vero
1714 1076 1844 1151 ista,
1877 1097 2008 1155 quae
2033 1077 2301 1137 nonnulli
2325 1077 2515 1156 prima
2542 1098 2733 1138 rerum

768 1194 1056 1273 principia
1079 1213 1203 1253 esse
1222 1196 1547 1267 voluerant,
1577 1193 1782 1253 mundi
1807 1196 2144 1272 neutiquam
2166 1215 2304 1255 vera
2332 1213 2456 1256 esse
2480 1196 2734 1275 primor-

769 1305 864 1364 dia
889 1318 1106 1380 censet,
1151 1318 1211 1364 et
1237 1324 1422 1383 usque
1449 1305 1599 1367 adeo
1622 1305 1683 1365 id
1714 1325 2052 1386 persuasum
2079 1305 2280 1379 habet,
2326 1319 2393 1365 ut
2427 1307 2739 1366 contendat

769 1442 902 1480 eum
921 1441 1045 1483 esse
1061 1422 1304 1481 omnino
1322 1422 1590 1481 insanum
1609 1423 1712 1500 qui
1730 1423 1828 1482 illa
1840 1424 2257 1483 elementorum
2276 1421 2460 1482 vicem
2478 1422 2741 1483 obtinere

771 1534 1105 1594 arbitretur.
1138 1539 1227 1592 νῦν
1252 1531 1356 1613 γὰρ
1386 1534 1553 1600 οὐδείς
1579 1559 1667 1595 πω
1691 1535 1896 1613 γένεσιν
1937 1538 2109 1596 αὐτῶν
2147 1536 2444 1613 μεμήνυκεν
2461 1579 2478 1607 ,
2515 1536 2635 1595 ἀλλ’
2666 1536 2744 1600 ὠς

771 1645 936 1707 εἰδόσι
954 1650 1062 1725 π’ὗρ
1092 1645 1125 1705 ὅ
1141 1670 1194 1706 τι
1219 1645 1350 1717 ποτέ
1376 1646 1513 1718 ἐστι,
1530 1645 1640 1718 ,καὶ
1660 1644 1883 1706 ἕκαστον
1904 1649 2099 1726 αὐτῶν,
2119 1647 2361 1727 λέγωμεν
2389 1647 2580 1728 ἀρχὰς,
2604 1649 2746 1709 αὖτὰ

768 1759 1035 1838 τιθέμενοι
1058 1735 1300 1838 στοιχεῖα
1320 1764 1412 1819 τοῦ
1432 1758 1629 1825 παντός
1642 1782 1655 1796 ·
1674 1761 1945 1839 προσ-ἧκον
1966 1761 2141 1829 αὐτοῖς
2167 1762 2274 1822 οὔδ’
2295 1764 2365 1828 ὡς
2392 1764 2447 1821 ἐν
2470 1762 2744 1835 συλλαὸἥς

770 1877 933 1937 εἴδεσι
960 1875 1117 1954 μόνον
1149 1874 1363 1941 εἰκότως
1391 1876 1496 1935 ὑπὸ
1533 1881 1626 1936 τοῦ
1652 1875 1745 1936 καὶ
1779 1874 1953 1957 βραχὺ
1994 1882 2303 1957 φρονοῦντος
2328 1879 2740 1950 ἄπεικασθῆναι.

782 1994 981 2052 Timoe.
1018 1989 1194 2049 1058.
1220 2007 1275 2048 e.
1302 1990 1480 2068 Ignis,
1527 2002 1589 2048 et
1613 1990 1745 2065 alia,
1778 2010 1909 2068 quae
1933 1992 2159 2070 physici
2187 1991 2359 2051 nobis
2381 2004 2514 2052 ante
2544 1994 2746 2053 oculos

764 2105 957 2163 solent
982 2121 1213 2182 ponere,
1239 2103 1549 2176 elementa,
1576 2103 1774 2162 omnia
1796 2115 1990 2161 ortum
2017 2102 2266 2162 habent:
2308 2102 2403 2163 καὶ
2429 2102 2493 2177 δὴ
2518 2104 2745 2185 καὶπῦρ

768 2218 832 2278 τὸ
853 2216 941 2276 διὰ
962 2216 1158 2285 παντὸς
1185 2221 1440 2289 τοιοῦτον,
1466 2216 1560 2277 καὶ
1588 2217 1729 2281 ἅπαν
1758 2216 1879 2278 ὅσον
1915 2240 2018 2299 περ
2045 2216 2109 2276 ἂν
2146 2217 2245 2297 ἔχη
2273 2216 2494 2296 γένεσιν·
2538 2219 2742 2278 Timoe.

780 2332 1017 2409 10590e.
1033 2330 1198 2419 Iden,
1221 2322 1402 2409 quum
1432 2344 1700 2410 generata
1727 2331 1865 2406 sint,
1886 2332 2114 2389 illorum
2138 2330 2424 2410 principia
2447 2331 2745 2408 requiren-

769 2449 866 2519 da,
895 2468 1026 2528 quae
1054 2447 1356 2508 manifesto
1383 2442 1523 2508 sunt
1547 2445 1716 2505 simul
1744 2457 1803 2504 et
1824 2464 2131 2524 corporum
2161 2458 2221 2506 et
2241 2444 2432 2506 omnis
2459 2444 2744 2507 sensibilis

768 2562 973 2621 mundi
995 2560 1301 2640 principia.

847 2708 1017 2786 Quod
1037 2709 1085 2768 si
1105 2708 1274 2787 ignis,
1311 2720 1484 2778 terra,
1520 2726 1671 2784 aqua
1699 2718 1758 2763 et
1777 2724 1897 2777 aer,
1919 2706 2000 2763 ita
2022 2718 2158 2764 sunt
2185 2719 2393 2766 natura
2415 2709 2649 2768 condita
2663 2698 2739 2768 ‘ut

767 2822 1219 2902 profunditatem
1243 2819 1514 2893 habeant,
1538 2816 1989 2897 profunditatem
2009 2837 2147 2877 vero
2172 2837 2243 2877 ex
2264 2820 2452 2897 plan‘is
2474 2834 2737 2882 constare

669 2902 674 2906 ι
766 2934 1150 2993 necessarium
1178 2932 1275 3003 sit,
1302 2928 1419 3007 jam
1440 2942 1683 3008 apparet
1701 2929 1964 3006 quaedam
1987 2929 2158 3008 plana
2175 2929 2406 2989 illorum
2434 2951 2557 2992 esse
2573 2935 2739 3013 prin-

766 3027 938 3125 cipia,
961 3064 1091 3124 quae
1111 3046 1287 3124 vulgo
1312 3046 1595 3104 elementa
1618 3041 1942 3102 habentur:
1974 3047 2184 3123 πρῶτον
2204 3043 2302 3121 μὲν
2320 3043 2385 3117 δὴ
2412 3052 2519 3127 πῦρ
2546 3046 2635 3106 καὶ
2662 3050 2736 3127 γῆ

765 3164 857 3222 καὶ
879 3163 1021 3243 ὕδωρ
1043 3161 1135 3223 καὶ
1163 3159 1288 3241 ἀὴρ,
1307 3159 1392 3220 ὅτι
1414 3157 1641 3239 σώματά
1667 3160 1799 3233 ἐστι,
1836 3156 1992 3231 δ’ῆλόν
2015 3180 2116 3218 που
2138 3159 2229 3219 καὶ
2255 3161 2446 3220 παντί·
2475 3162 2536 3222 τὸ
2560 3162 2616 3222 δὲ
2642 3168 2739 3223 τοῦ

765 3274 1013 3354 σώματος
1034 3264 1168 3341 εἶδος
1184 3283 1310 3348 πᾶν,
1338 3273 1429 3332 καὶ
1458 3274 1618 3351 βάθος
1634 3272 1773 3351 ἔχει·
1796 3273 1859 3331 τὸ
1889 3271 1943 3331 δὲ
1970 3273 2126 3350 βάθος
2153 3264 2221 3332 αῧ
2238 3283 2384 3334 πᾶσα
2401 3274 2605 3353 ἀνάγκη
2631 3276 2736 3348 τὴν

763 3394 1010 3455 ἐπίπεδον
1039 3391 1435 3473 περιειληφέναι
1462 3389 1638 3471 φύσιν.
1673 3391 1728 3448 Τ
1725 3392 1877 3449 imoe.
1915 3393 2064 3448 1062
2093 3391 2155 3454 b.
2205 3397 2364 3464 Mox,
2392 3390 2584 3469 qualia
2612 3393 2739 3452 sint

762 3509 854 3567 illa
885 3509 1057 3587 plana
1082 3483 1387 3591 intelliges,
1418 3503 1521 3562 ubi
1550 3524 1724 3563 omne
1752 3504 1991 3582 planum
2018 3523 2092 3562 ex
2131 3505 2429 3583 triangulis
2456 3504 2693 3565 conflari
2712 3551 2730 3582 ‚

761 3632 815 3678 et
827 3638 1028 3677 omnes
1042 3619 1357 3696 triangulos
1368 3636 1441 3675 ex
1452 3614 1682 3675 duobus
1693 3617 1924 3676 initium
1938 3637 2186 3695 sumere,
2205 3613 2552 3680 habentibus
2567 3621 2736 3680 utris-

761 3752 876 3811 que
889 3743 1109 3791 rectum
1136 3732 1411 3809 angulum
1433 3742 1492 3789 et
1510 3742 1712 3790 acutos
1731 3730 1902 3806 duos,
1929 3731 2190 3791 noveris:
2214 3737 2248 3804 ἡ
2270 3731 2326 3791 δὲ
2354 3705 2483 3814 tipo->2
2500 3735 2594 3805 τῆς
2613 3734 2733 3793 ἐπι-

759 3842 918 3928 πέδου
936 3841 1235 3921 βάσεως,ἐκ
1254 3838 1523 3924 τριγώνων
1542 3839 1849 3913 συνέστηκε·
1861 3840 1929 3901 τὰ
1951 3841 2006 3899 δὲ
2022 3841 2256 3924 τρίγωνα
2276 3843 2488 3902 ἅπαντα
2509 3845 2571 3903 ἐκ
2589 3844 2731 3905 δυοῖν

760 3954 1033 4034 ἄρχονται,
1055 3956 1181 4031 μίαν
1207 3955 1301 4035 μὲν
1323 3955 1481 4036 ὀρθὴν
1498 3954 1708 4035 ἔχοντος
1729 3954 1978 4036 ἑκατέρου
2000 3939 2215 4036 γωνίαν,
2229 3956 2323 4024 τὰς
2339 3956 2393 4018 δὲ
2415 3956 2526 4036 δύο,
2540 3956 2731 4026 ὀξείας.
