3094 4963
1632 465 1712 522 22
1741 484 1750 491 ·

705 564 1002 666 λέγουσιν...
1035 590 1127 652 ἐάν
1170 614 1229 653 τε
1255 593 1433 670 σῶμα,
1474 590 1565 650 ἐάν
1614 614 1672 650 τε
1701 589 1983 668 ἀσώματον
2011 595 2251 653 τιθῶσιν*
2276 585 2404 667 οἷον,
2441 595 2674 657 Πλάτων

708 704 806 783 μὲν
855 706 916 766 τὸ
945 705 1085 785 μέγα
1132 705 1222 766 καὶ
1269 706 1330 767 τὸ
1372 706 1562 786 μικρὸν
1588 706 1835 786 λέγων....
1866 708 2011 767 Met.
2046 713 2097 781 Ι,
2126 711 2187 782 6,
2230 730 2290 789 p.
2331 714 2468 790 849.
2515 715 2668 788 Quin

711 820 995 902 ἀσώματον
1023 823 1165 883 illud
1196 822 1270 881 ad
1298 808 1653 884 Platonicam
1686 822 1983 884 materiam
2004 823 2338 898 referamus,
2363 848 2537 888 nemo
2566 848 2677 888 nos

699 942 831 1021 jure
856 944 1186 1023 probibeat,
1217 964 1408 1023 neque
1426 945 1540 1003 fibic.
1576 944 1685 1004 erit
1711 965 1843 1004 cum
1881 943 2054 1003 nobis
2082 950 2496 1010 controversia.
2529 955 2672 1008 Nam

706 1061 861 1139 apud
896 1074 1067 1139 quem
1100 1063 1497 1140 antiquorum,
1531 1062 1640 1121 nisi
1667 1064 1729 1120 in
1756 1060 2054 1121 Platonico
2081 1077 2413 1141 systemate,
2439 1069 2675 1127 materia

706 1194 951 1254 corpore
995 1176 1253 1253 sejuncta
1297 1179 1609 1237 occurrat?
1651 1183 1855 1237 Postea
1881 1178 2238 1238 inextensam
2267 1180 2527 1240 eamdem
2558 1202 2678 1240 esse

704 1289 910 1367 Dya'da
930 1292 1084 1350 ultro
1110 1292 1416 1371 percipies,
1447 1290 1494 1351 si
1523 1293 1853 1352 memineris
1883 1312 1955 1352 ex
1983 1294 2079 1352 illa
2110 1294 2385 1373 componi
2427 1295 2585 1356 ideas
2620 1309 2677 1354 et

708 1384 1002 1479 numeros,
1048 1402 1196 1484 quos
1238 1386 1404 1465 extra
1431 1408 1623 1465 locum
1654 1420 1711 1466 et
1742 1408 1874 1467 ideo
1911 1410 2243 1468 inextensos
2277 1430 2399 1470 esse
2421 1425 2666 1490 oportet.

705 1520 937 1579 Πλάτων
965 1520 1042 1595 δὲ,
1069 1521 1166 1590 ἔξω
1196 1523 1291 1600 μὲν
1314 1524 1460 1581 οὖδεν
1486 1515 1621 1585 εἶναι
1657 1528 1834 1598 σῶμα,
1863 1524 1980 1583 οὖδὲ
2008 1524 2104 1595 τὰς
2130 1526 2289 1602 ἰδέας,
2323 1524 2410 1587 διὰ
2445 1528 2508 1588 τὸ
2533 1529 2670 1606 μηδέ

705 1661 805 1699 που
831 1630 963 1700 εἶναι
992 1641 1173 1709 αὑτάς·
1202 1644 1394 1718 Phys.
1429 1647 1536 1717 111,
1571 1651 1625 1717 4,
1655 1642 1715 1706 b.
1752 1646 1892 1711 343.
1927 1644 2182 1706 Πλάτωνι
2211 1647 2391 1725 μέντοι
2411 1646 2670 1707 λεκτέον..

706 1748 792 1810 διὰ
819 1751 871 1810 τὶ
899 1755 993 1812 οὔκ
1016 1756 1069 1813 ἔν
1099 1753 1244 1835 τόπῳ
1267 1753 1334 1812 τὰ
1363 1751 1476 1824 εἴδη
1515 1752 1608 1812 καὶ
1629 1757 1678 1813 οἱ
1705 1754 1940 1832 ἀριθμοί·
1968 1753 2166 1830 Phys.
2200 1762 2295 1830 IV,
2341 1765 2398 1829 4,
2431 1778 2490 1835 p.
2531 1756 2666 1818 353.

704 1868 952 1942 Insuper
976 1866 1242 1927 attendas
1265 1867 1625 1927 Aristotelem
1655 1848 1844 1945 ipsum
1873 1869 1934 1925 in
1971 1840 2109 1927 istos
2130 1866 2330 1928 invehi
2354 1868 2455 1945 qui
2493 1888 2670 1926 unam

706 1977 1014 2052 quamdam
1040 1990 1304 2037 naturam
1325 1991 1392 2037 ut
1415 1979 1708 2037 materiam
1734 1974 2149 2060 proponunt,ae
2170 1981 2318 2038 hanc
2337 2000 2678 2058 corpoream

707 2102 766 2147 et
780 2102 1079 2150 extensam
1103 2082 1331 2164 volunt,
1354 2093 1705 2169 praecipuam
1728 2105 1920 2152 autem
1945 2093 2223 2153 irascendi
2246 2094 2308 2152 in
2329 2114 2427 2152 eos
2443 2114 2677 2153 causam

703 2200 1132 2280 habere‚·quod
1156 2224 1466 2282 corporum
1489 2207 1775 2264 elementa
1800 2209 1920 2265 sola
1953 2207 2033 2265 ita
2055 2208 2440 2280 constituunt,
2473 2207 2675 2267 incor-

704 2335 1015 2394 poreorum
1034 2337 1174 2377 vero
1194 2320 1501 2399 negligunt
1527 2334 1627 2381 aut
1649 2321 2043 2399 supprimunt.
2071 2319 2234 2381 Ὅσοι
2259 2319 2355 2398 μὲν
2378 2300 2523 2381 oiim...
2550 2319 2677 2399 μίαν

662 2441 664 2443 ’
707 2418 842 2488 εἷναί
860 2452 980 2490 τινα
1006 2430 1160 2510 φύσιν
1187 2435 1258 2497 ὣς
1283 2430 1413 2504 ὅλην
1434 2429 1766 2501 mosacum&
1793 2429 1990 2502 ταύτην
2013 2432 2325 2509 σωματικὴν
2343 2422 2438 2494 Ικαὶ
2463 2432 2677 2513 μέγεθος

707 2542 951 2622 ἔχουσαν,
995 2545 1152 2614 δῆλον
1179 2541 1262 2602 ὅτι
1297 2544 1581 2623 πολλαχῶς
1618 2540 1996 2621 ἁμαρτάνουσι·
2025 2546 2132 2606 τῶν
2157 2544 2261 2627 γὰρ
2301 2547 2565 2622 σωμάτων
2608 2547 2678 2607 τὰ

707 2641 947 2733 στὸιχεῖα
974 2654 1178 2714 τιθέασι
1200 2654 1378 2732 μόνον,
1408 2658 1512 2714 τῶν
1546 2653 1603 2715 δὲ
1634 2653 1934 2732 ἀσωμάτων
1963 2654 2039 2715 οὔ.
2071 2656 2221 2719 Met.
2254 2658 2308 2731 I,
2341 2682 2399 2732 7,
2429 2680 2491 2738 p.
2534 2661 2672 2738 849.

713 2779 880 2834 Anne
906 2775 1083 2853 igitur
1108 2796 1350 2853 usquam
1384 2777 1492 2834 tale
1524 2776 1742 2854 aliquid
1772 2776 1988 2836 crimen
2017 2779 2244 2839 Platoni
2285 2781 2525 2840 intulit?
2550 2787 2677 2860 Imo

715 2894 769 2951 in
797 2895 1149 2952 contrarium
1188 2894 1391 2951 vitium
1420 2893 1688 2952 incidisse
1709 2893 1869 2954 illum
1900 2890 2104 2972 arguit,
2132 2908 2198 2952 ut
2222 2896 2282 2954 in
2312 2899 2471 2971 omni
2501 2900 2672 2959 disci·

707 3008 826 3086 puli
851 3012 1124 3066 adversus
1145 2997 1480 3085 magistrum
1500 3007 1573 3064 de
1597 3009 1797 3086 primis
1818 3009 2116 3087 principiis
2138 3009 2529 3088 disputatione
2550 3036 2675 3094 pas·

708 3120 812 3180 sim
842 3120 1037 3179 videre
1064 3132 1167 3179 est.
1207 3113 1333 3184 Ἔτι
1367 3125 1482 3189 πῶς
1504 3120 1655 3180 ἔσται
1678 3119 1732 3189 ἐξ
1758 3120 2030 3201 ἀμεγέθων
2062 3120 2277 3201 μέγεθος
2299 3123 2394 3182 καὶ
2420 3126 2669 3205 συνεχές;

710 3239 852 3296 Met.
885 3240 1003 3294 ΧΠ
1037 3241 1135 3315 10,
1178 3260 1238 3316 p.
1274 3239 1442 3295 1006.
1469 3259 1521 3295 c.
1546 3236 1655 3296 lib.
1691 3221 1741 3306 13
1780 3259 1842 3310 73
1881 3237 1981 3296 lib.
2024 3229 2408 3298 xmet'xlv
2433 3242 2666 3317 passim.

785 3355 861 3408 At
882 3350 928 3409 si
952 3353 1112 3427 Dyas
1138 3349 1397 3428 corporis
1417 3368 1624 3427 expers
1653 3360 1710 3404 et
1730 3347 2028 3408 inextensa
2050 3364 2136 3410 est
2158 3374 2176 3428 3
2210 3351 2255 3408 si
2280 3351 2441 3408 nullo
2475 3353 2535 3409 in
2558 3372 2662 3411 or-

705 3466 842 3523 dine
869 3464 1224 3526 sensibilium
1254 3476 1354 3522 aut
1381 3457 1826 3543 intelligibilium
1857 3482 2074 3540 rerum,
2098 3465 2308 3543 quibus
2335 3463 2540 3525 mundi
2559 3480 2670 3527 stat

700 3597 1032 3657 compages,
1073 3577 1318 3646 adscribi
1346 3577 1572 3654 potest3
1619 3578 1664 3636 si
1690 3596 1795 3656 per
1822 3596 1882 3662 se
1910 3577 2151 3637 formam
2177 3598 2299 3637 non
2332 3579 2507 3639 habet
2552 3585 2666 3657 (1);

768 3806 843 3875 (¹.)
877 3806 1108 3872 Namque
1126 3803 1377 3855 inlinitum
1402 3803 1552 3856 finem
1598 3822 1701 3856 non
1731 3806 1923 3871 patitur
1957 3817 2011 3855 et
2033 3806 2247 3857 essentia
2282 3824 2383 3858 non
2422 3806 2528 3859 sine
2551 3808 2669 3870 fine,

703 3902 768 3956 τῷ
790 3895 970 3958 πέρατι,
992 3899 1202 3953 apparet
1221 3913 1231 3941 ε
1255 3894 1418 3955 γένεσιν
1438 3898 1499 3948 εἰς
1517 3894 1666 3942 obuia„
1689 3895 1736 3939 ἐκ
1763 3902 1851 3939 τῶν
1884 3895 2014 3952 μετὰ,
2030 3896 2108 3941 τῡῦ
2141 3901 2334 3958 πέρατος
2354 3899 2663 3961 ἀπειργασμέ-

698 3999 782 4029 νων
795 3984 993 4045 μέτρων.
1020 3974 1157 4024 Phil.
1179 3976 1297 4026 380.
1337 3974 1390 4024 b.
