3094 4963
1351 513 1419 571 41

389 642 521 701 velit
550 665 664 723 qua
694 644 916 705 ratione
959 644 1033 703 sit
1072 644 1263 701 anima
1299 644 1619 723 composita
1655 656 1944 721 reputare,
1988 644 2141 701 illam
2184 642 2357 702 ideali

385 763 641 819 essentiae
658 761 1003 819 simillimam
1021 780 1142 820 esse
1163 761 1501 839 comperiet3
1518 760 1730 819 etenim
1752 778 1825 817 ex
1844 760 1933 818 his
1952 760 2089 838 ipsis
2108 760 2355 846 ele-men-

387 879 456 936 tis
476 877 937 956 unumquodque
958 852 1397 956 intelligibilium
1412 878 1634 935 entium
1659 875 2062 953 constare‚jam
2085 896 2156 933 ex
2180 896 2357 952 supra

385 993 552 1050 dictis
589 996 666 1069 (§
702 1012 735 1049 2
784 1006 843 1049 et
883 990 962 1070 3)
1005 991 1392 1049 manifestum.
1438 990 1646 1059 Ideam
1681 1009 1753 1048 ex
1803 1010 1923 1048 uno
1951 1003 2010 1048 et
2056 988 2355 1047 indefinita

384 1104 589 1184 Dyadc
613 1107 881 1165 constitui
905 1107 1003 1179 (cf.
1034 1108 1179 1164 Met.
1206 1111 1256 1179 I,
1278 1107 1335 1178 6,
1358 1128 1415 1186 p.
1455 1107 1596 1179 848)
1618 1128 1635 1177 3
1661 1106 1722 1162 in
1745 1104 2087 1183 intelligibili
2110 1104 2354 1162 essentia

386 1235 488 1277 ens
514 1222 826 1298 plurimum
853 1234 912 1277 et
937 1239 1193 1279 non-ens
1214 1219 1584 1278 multitudine
1624 1219 1911 1277 infinitum
1941 1223 2025 1294 (1)
2055 1216 2354 1296 complecti

386 1333 707 1393 didicimus.
755 1339 945 1410 Quum
968 1335 1162 1413 magni
1186 1348 1244 1394 et
1271 1335 1435 1413 parvi
1463 1339 1638 1412 Dyas,
1662 1335 1927 1406 alterum,
1958 1354 2238 1403 non-ens,
2262 1353 2356 1391 va-

387 1450 471 1507 ria
497 1451 629 1522 siut,
655 1450 868 1528 quibus
890 1471 1073 1510 unum
1092 1465 1151 1510 et
1172 1451 1320 1510 idem
1345 1451 1692 1530 principium
1719 1450 2072 1529 designatur,
2096 1448 2355 1523 nomina;

383 1575 525 1619 etex
541 1563 718 1620 altera
745 1576 932 1640 parte,
948 1562 1140 1649 videm,
1168 1583 1380 1639 unum,
1400 1582 1526 1635 enS,
1557 1561 1879 1642 principem
1903 1576 1962 1621 et
1981 1563 2355 1621 excellentem

387 1680 646 1736 omnium
672 1699 902 1738 causam
927 1681 1272 1759 significent,
1297 1681 1455 1739 haud
1482 1680 1725 1738 dubium
1744 1682 1887 1755 quin
1909 1680 2051 1738 ideae
2069 1694 2130 1739 et
2152 1680 2359 1737 animae

384 1793 456 1849 sit
482 1792 683 1850 eadem
710 1792 1093 1851 conformatio
1121 1804 1179 1848 et
1205 1793 1580 1869 compositio„

465 1907 698 1963 Nullum
724 1905 1024 1983 corporale
1052 1906 1398 1964 elementum
1428 1907 1486 1963 in
1531 1906 1723 1963 anima
1751 1905 1936 1962 inesse
1972 1923 2043 1961 eo
2089 1922 2360 1980 compro-

387 2019 581 2093 batur,
608 2018 769 2097 quod
789 2031 1101 2097 antequam
1118 2039 1366 2099 corpora
1387 2018 1734 2096 exstiterint,
1762 2030 2030 2099 generata
2050 2017 2357 2092 sifflnima‚

387 2134 693 2212 (σωμάτων
725 2133 1020 2216 ἔμπροσθεν
1045 2135 1263 2196 πάντων
1288 2134 1573 2215 γενομένη.
1598 2136 1693 2198 De
1720 2134 1837 2215 leg.
1867 2139 1952 2210 X,
1977 2142 2116 2212 949.
2142 2133 2228 2207 d);
2264 2146 2362 2192 at-

385 2269 502 2326 que
528 2249 662 2308 ideo
699 2251 913 2326 omnia,
952 2271 1081 2328 quae
1108 2251 1345 2330 propria
1373 2264 1506 2308 sunt
1538 2251 1767 2320 animae,
1799 2252 1890 2324 iis,
1945 2270 2076 2328 quae
2103 2249 2363 2327 corporis

387 2366 664 2425 attributa
688 2367 985 2439 dicuntur,
1015 2369 1130 2426 sint
1149 2368 1371 2446 priora,
1393 2367 1459 2426 τὰ
1474 2369 1651 2447 ψυχῆς
1664 2369 1770 2426 τῶν
1792 2371 1883 2424 τοῦ
1911 2365 2159 2444 σώματος
2185 2365 2362 2424 ἔσοιτο

388 2484 737 2565 πρεσὸύτερα.
770 2486 910 2543 ibid.
933 2487 1085 2563 952..
1108 2487 1172 2545 d.
1216 2488 1441 2545 Etenim
1471 2486 1734 2558 affectus,
1759 2505 1968 2557 mores,
2006 2483 2357 2569 voluntates,

389 2604 879 2682 cogitationesque
905 2621 965 2664 et
992 2627 1158 2666 veras
1186 2608 1514 2685 opiniones,
1545 2608 1744 2666 omnia
1768 2608 1892 2665 haec
1942 2608 2003 2664 in
2032 2618 2241 2665 natura
2266 2623 2360 2661 re-

390 2740 538 2793 rum,
580 2718 890 2797 corporum
918 2720 1301 2798 longitudine,
1323 2720 1653 2792 latitudine,
1686 2719 1990 2778 altitudine
2026 2719 2363 2795 viribusque

389 2833 552 2909 prius
575 2834 892 2909 exstitisse,
921 2832 1114 2893 verbis
1151 2833 1543 2912 peculiaribus
1573 2834 1740 2891 Plato
1768 2833 2044 2892 declarat.
2072 2829 2277 2910 Τρόποι
2306 2829 2362 2889 δὲ

387 2943 479 3003 καὶ
504 2945 608 3017 ἤθη
650 2946 742 3004 καὶ
790 2946 1065 3024 βουλήσεις
1091 2946 1184 3007 καὶ
1213 2947 1458 3028 λογισμοὶ
1486 2947 1577 3006 καὶ
1618 2944 1764 3015 δόξαι
1800 2949 2032 3021 ἀληθεῖς,
2065 2941 2368 3020 ἐπιμέλειαί

386 3078 445 3114 τε
472 3056 561 3115 καὶ
592 3062 822 3134 μνῆμαι,
842 3057 1074 3139 πρότερα
1102 3059 1303 3137 μήκους
1330 3061 1595 3138 σωμάτων
1627 3059 1718 3120 καὶ
1766 3059 1996 3127 πλάτους
2032 3057 2123 3117 καὶ
2176 3056 2365 3136 βάθους

389 3171 479 3228 ’καὶ
510 3172 693 3250 ῥώμης
733 3173 813 3244 εἴη
843 3174 1092 3252 γεγονότα
1122 3175 1207 3243 ἂν,
1234 3179 1380 3254 εἴπερ
1409 3176 1500 3235 καὶ
1527 3175 1674 3257 ψυχὴ
1721 3174 1982 3253 σώματος.
2009 3176 2104 3233 De
2133 3175 2252 3252 leg.v
2278 3177 2360 3245 X,

391 3285 528 3361 952.
548 3283 608 3345 d.
639 3288 782 3359 Quae
802 3305 982 3361 quum
1012 3286 1092 3344 ita
1119 3287 1258 3359 sint,
1278 3308 1398 3345 non
1424 3289 1715 3346 immerito
1743 3288 1978 3358 dixeris,
2004 3289 2242 3346 Platone
2256 3287 2359 3365 ju·

391 3398 542 3472 dice,
559 3398 915 3457 inextensam
932 3419 1054 3459 esse
1075 3402 1323 3459 animam
1342 3446 1354 3459 .
1387 3397 1491 3461 Illa
1513 3424 1676 3475 vern,
1695 3423 1825 3480 quae
1848 3403 1909 3460 in
1932 3403 2147 3460 Timaeo
2168 3400 2363 3458 offen-

393 3510 613 3569 duntur
652 3513 723 3570 de
760 3509 935 3589 hujus
970 3516 1307 3594 extensione
1338 3522 1444 3590 (α),
1477 3518 1718 3575 omnino
1759 3529 1896 3574 sunt
1938 3516 2008 3575 iis
2032 3515 2362 3592 exquisitis,

454 3726 535 3795 (ί)
554 3737 670 3800 Περὶ
688 3736 876 3782 ἕκαστον
896 3740 991 3802 ἅμα
1024 3743 1115 3783 τῶν
1151 3737 1275 3785 εἰδῶν
1294 3739 1408 3786 πολὺ
1441 3742 1527 3799 μέν
1555 3743 1651 3788 ἐστι
1674 3744 1727 3788 τὸ
1767 3741 1833 3791 ὃν,
1859 3745 2048 3805 ἄπειρον
2064 3739 2112 3787 δὲ
2127 3740 2293 3795 πλήθει
2313 3743 2367 3789 τὸ

390 3822 461 3879 μὴ
475 3819 535 3865 ὃν,
557 3810 716 3879 Soph.
748 3814 859 3864 ¹7⁹.
882 3831 928 3863 e.
1999 3811 2002 3814 ’

462 3892 542 3962 (2)
565 3906 742 3953 Ταύτην
770 3899 844 3949 οὖν
882 3908 965 3958 τὴν
997 3903 1202 3960 §bernam
1244 3906 1417 3966 ποῖον»)
1445 3904 1605 3959 διπλῆν
1641 3909 1759 3952 κατὰ
1795 3914 1936 3966 μῆκος
1972 3908 2145 3966 σχίσας,
2173 3923 2218 3950 at·
2240 3922 2283 3951 τ·
2314 3903 2359 3949 λ-

406 3982 581 4030 rima».
615 3983 761 4032 ¹050.
793 3981 847 4033 d.
874 3982 987 4037 vid.
1006 3983 1188 4037 Gallie.
1219 4002 1346 4036 vers.
1376 4005 1432 4052 p.
1461 3988 1571 4048 ¹27,
1599 4004 1710 4052 sqq.
