<?xml version="1.0" encoding="UTF-8"?>
<!DOCTYPE html PUBLIC "-//W3C//DTD XHTML 1.0 Transitional//EN"
    "http://www.w3.org/TR/xhtml1/DTD/xhtml1-transitional.dtd">
<html xmlns="http://www.w3.org/1999/xhtml" xml:lang="en" lang="en">
 <head>
  <title>
</title>
<meta http-equiv="Content-Type" content="text/html;charset=utf-8" />
  <meta name='ocr-system' content='tesseract 3.04.00' />
  <meta name='ocr-capabilities' content='ocr_page ocr_carea ocr_par ocr_line ocrx_word'/>
</head>
<body>
  <div class='ocr_page' id='page_1' title='image "ansitplatonisde00lorqgoog_0032.png"; bbox 0 0 3094 4963; ppageno 0'>
   <div class='ocr_carea' id='block_1_1' title="bbox 1650 468 1724 523">
    <p class='ocr_par' dir='ltr' id='par_1_1' title="bbox 1650 468 1724 523">
     <span class='ocr_line' id='line_1_1' title="bbox 1650 468 1724 523; baseline 0 0"><span class='ocrx_word' id='word_1_1' title='bbox 1650 468 1724 523; x_wconf 67' lang='grc'><strong>94</strong></span> 
     </span>
    </p>
   </div>
   <div class='ocr_carea' id='block_1_2' title="bbox 690 584 2682 3876">
    <p class='ocr_par' dir='ltr' id='par_1_2' title="bbox 690 584 2682 3876">
     <span class='ocr_line' id='line_1_2' title="bbox 793 584 2682 681; baseline -0.008 -21"><span class='ocrx_word' id='word_1_2' title='bbox 793 602 1107 681; x_wconf 84' lang='lat' dir='ltr'><strong>Postquam</strong></span> <span class='ocrx_word' id='word_1_3' title='bbox 1137 613 1332 663; x_wconf 83' lang='lat' dir='ltr'><strong>autem</strong></span> <span class='ocrx_word' id='word_1_4' title='bbox 1362 599 1553 677; x_wconf 82' lang='lat' dir='ltr'><strong>Dyadi</strong></span> <span class='ocrx_word' id='word_1_5' title='bbox 1598 599 1719 657; x_wconf 84' lang='lat' dir='ltr'><strong>haec</strong></span> <span class='ocrx_word' id='word_1_6' title='bbox 1748 610 1863 656; x_wconf 83' lang='lat' dir='ltr'><strong>tam</strong></span> <span class='ocrx_word' id='word_1_7' title='bbox 1899 596 2077 654; x_wconf 81' lang='lat' dir='ltr'><strong>multa</strong></span> <span class='ocrx_word' id='word_1_8' title='bbox 2116 603 2321 671; x_wconf 84' lang='lat' dir='ltr'><strong>negata</strong></span> <span class='ocrx_word' id='word_1_9' title='bbox 2346 601 2504 659; x_wconf 84' lang='lat' dir='ltr'><strong>sunt,</strong></span> <span class='ocrx_word' id='word_1_10' title='bbox 2537 584 2682 666; x_wconf 83' lang='lat' dir='ltr'><strong>quid</strong></span> 
     </span>
     <span class='ocr_line' id='line_1_3' title="bbox 703 705 2681 794; baseline -0.006 -20"><span class='ocrx_word' id='word_1_11' title='bbox 703 713 825 789; x_wconf 86' lang='lat' dir='ltr'><strong>jam</strong></span> <span class='ocrx_word' id='word_1_12' title='bbox 853 717 935 775; x_wconf 90' lang='lat' dir='ltr'><strong>illi</strong></span> <span class='ocrx_word' id='word_1_13' title='bbox 963 716 1354 777; x_wconf 80' lang='lat' dir='ltr'><strong>concedetur?</strong></span> <span class='ocrx_word' id='word_1_14' title='bbox 1388 713 1508 794; x_wconf 78' lang='lat' dir='ltr'><strong>jam</strong></span> <span class='ocrx_word' id='word_1_15' title='bbox 1547 726 1631 774; x_wconf 88' lang='lat' dir='ltr'><strong>tot</strong></span> <span class='ocrx_word' id='word_1_16' title='bbox 1666 714 1807 775; x_wconf 81' lang='lat' dir='ltr'><strong>locis</strong></span> <span class='ocrx_word' id='word_1_17' title='bbox 1833 708 2112 786; x_wconf 60' lang='lat' dir='ltr'><strong>exclusa‚2</strong></span> <span class='ocrx_word' id='word_1_18' title='bbox 2129 728 2247 786; x_wconf 83' lang='lat' dir='ltr'><strong>qua</strong></span> <span class='ocrx_word' id='word_1_19' title='bbox 2272 706 2524 767; x_wconf 84' lang='lat' dir='ltr'><strong>tamdem</strong></span> <span class='ocrx_word' id='word_1_20' title='bbox 2548 705 2681 765; x_wconf 88' lang='lat' dir='ltr'><strong>sede</strong></span> 
     </span>
     <span class='ocr_line' id='line_1_4' title="bbox 709 823 2680 907; baseline -0.004 -19"><span class='ocrx_word' id='word_1_21' title='bbox 709 831 1129 892; x_wconf 76' lang='lat' dir='ltr'>collocabitur?</span> <span class='ocrx_word' id='word_1_22' title='bbox 1155 852 1276 891; x_wconf 86' lang='lat' dir='ltr'><strong>nno</strong></span> <span class='ocrx_word' id='word_1_23' title='bbox 1312 831 1524 901; x_wconf 77' lang='lat' dir='ltr'><strong>verbo,</strong></span> <span class='ocrx_word' id='word_1_24' title='bbox 1570 829 1758 907; x_wconf 81' lang='lat' dir='ltr'><strong>qualis</strong></span> <span class='ocrx_word' id='word_1_25' title='bbox 1803 840 1892 887; x_wconf 87' lang='lat' dir='ltr'><strong>est</strong></span> <span class='ocrx_word' id='word_1_26' title='bbox 1933 839 1993 888; x_wconf 89' lang='lat' dir='ltr'><strong>et</strong></span> <span class='ocrx_word' id='word_1_27' title='bbox 2041 845 2160 903; x_wconf 85' lang='lat' dir='ltr'><strong>quo</strong></span> <span class='ocrx_word' id='word_1_28' title='bbox 2204 823 2486 882; x_wconf 74' lang='lat' dir='ltr'><strong>nomine?</strong></span> <span class='ocrx_word' id='word_1_29' title='bbox 2523 823 2680 881; x_wconf 83' lang='lat' dir='ltr'><strong>Talia</strong></span> 
     </span>
     <span class='ocr_line' id='line_1_5' title="bbox 710 940 2679 1025; baseline -0.004 -24"><span class='ocrx_word' id='word_1_30' title='bbox 710 946 1087 1025; x_wconf 82' lang='lat' dir='ltr'>interroganti</span> <span class='ocrx_word' id='word_1_31' title='bbox 1115 943 1519 1005; x_wconf 82' lang='lat' dir='ltr'><strong>tantummodo</strong></span> <span class='ocrx_word' id='word_1_32' title='bbox 1540 940 2008 1022; x_wconf 80' lang='lat' dir='ltr'><strong>respondendum</strong></span> <span class='ocrx_word' id='word_1_33' title='bbox 2036 951 2147 1013; x_wconf 84' lang='lat' dir='ltr'><strong>est,</strong></span> <span class='ocrx_word' id='word_1_34' title='bbox 2177 955 2302 995; x_wconf 89' lang='lat' dir='ltr'><strong>eam</strong></span> <span class='ocrx_word' id='word_1_35' title='bbox 2333 955 2451 995; x_wconf 89' lang='lat' dir='ltr'><strong>non</strong></span> <span class='ocrx_word' id='word_1_36' title='bbox 2481 954 2585 1014; x_wconf 83' lang='lat' dir='ltr'><strong>per</strong></span> <span class='ocrx_word' id='word_1_37' title='bbox 2618 953 2679 995; x_wconf 82' lang='lat' dir='ltr'><strong>se</strong></span> 
     </span>
     <span class='ocr_line' id='line_1_6' title="bbox 706 1050 2677 1145; baseline -0.005 -28"><span class='ocrx_word' id='word_1_38' title='bbox 706 1075 853 1138; x_wconf 79' lang='lat' dir='ltr'><strong>esse,</strong></span> <span class='ocrx_word' id='word_1_39' title='bbox 882 1078 1073 1137; x_wconf 82' lang='lat' dir='ltr'><strong>neque</strong></span> <span class='ocrx_word' id='word_1_40' title='bbox 1100 1061 1335 1139; x_wconf 80' lang='lat' dir='ltr'>proprie</span> <span class='ocrx_word' id='word_1_41' title='bbox 1359 1058 1663 1119; x_wconf 79' lang='lat' dir='ltr'><strong>essentiam</strong></span> <span class='ocrx_word' id='word_1_42' title='bbox 1692 1059 1754 1115; x_wconf 89' lang='lat' dir='ltr'><strong>in</strong></span> <span class='ocrx_word' id='word_1_43' title='bbox 1782 1075 1844 1116; x_wconf 83' lang='lat' dir='ltr'><strong>se</strong></span> <span class='ocrx_word' id='word_1_44' title='bbox 1873 1054 2109 1113; x_wconf 86' lang='lat' dir='ltr'><strong>habere.</strong></span> <span class='ocrx_word' id='word_1_45' title='bbox 2138 1051 2319 1111; x_wconf 85' lang='lat' dir='ltr'><strong>Testis</strong></span> <span class='ocrx_word' id='word_1_46' title='bbox 2345 1050 2677 1145; x_wconf 76' lang='lat' dir='ltr'><strong>Aristoteles</strong></span> 
     </span>
     <span class='ocr_line' id='line_1_7' title="bbox 720 1148 2673 1250; baseline -0.005 -21"><span class='ocrx_word' id='word_1_47' title='bbox 720 1171 822 1248; x_wconf 87' lang='lat' dir='ltr'><strong>qui</strong></span> <span class='ocrx_word' id='word_1_48' title='bbox 844 1172 904 1230; x_wconf 92' lang='lat' dir='ltr'><strong>in</strong></span> <span class='ocrx_word' id='word_1_49' title='bbox 932 1173 1122 1250; x_wconf 88' lang='lat' dir='ltr'><strong>primo</strong></span> <span class='ocrx_word' id='word_1_50' title='bbox 1142 1148 1679 1250; x_wconf 82' lang='lat' dir='ltr'><strong>Metaphysicorum</strong></span> <span class='ocrx_word' id='word_1_51' title='bbox 1701 1189 1819 1228; x_wconf 89' lang='lat' dir='ltr'><strong>non</strong></span> <span class='ocrx_word' id='word_1_52' title='bbox 1845 1168 2092 1228; x_wconf 78' lang='lat' dir='ltr'>obscure</span> <span class='ocrx_word' id='word_1_53' title='bbox 2113 1166 2286 1245; x_wconf 74' lang='lat' dir='ltr'><strong>docet</strong></span> <span class='ocrx_word' id='word_1_54' title='bbox 2300 1165 2452 1249; x_wconf 80' lang='lat' dir='ltr'><strong>hanc</strong></span> <span class='ocrx_word' id='word_1_55' title='bbox 2470 1163 2673 1240; x_wconf 85' lang='lat' dir='ltr'><strong>Dyada</strong></span> 
     </span>
     <span class='ocr_line' id='line_1_8' title="bbox 716 1279 2673 1364; baseline -0.004 -22"><span class='ocrx_word' id='word_1_56' title='bbox 716 1285 1180 1345; x_wconf 86' lang='lat' dir='ltr'><strong>mathematicum</strong></span> <span class='ocrx_word' id='word_1_57' title='bbox 1219 1285 1512 1364; x_wconf 83' lang='lat' dir='ltr'><strong>quoddam</strong></span> <span class='ocrx_word' id='word_1_58' title='bbox 1540 1285 1900 1362; x_wconf 85' lang='lat' dir='ltr'><strong>figmentum,</strong></span> <span class='ocrx_word' id='word_1_59' title='bbox 1939 1293 1997 1340; x_wconf 79' lang='lat' dir='ltr'><strong>et</strong></span> <span class='ocrx_word' id='word_1_60' title='bbox 2025 1279 2360 1340; x_wconf 81' lang='lat' dir='ltr'><strong>substantiae</strong></span> <span class='ocrx_word' id='word_1_61' title='bbox 2385 1279 2673 1337; x_wconf 80' lang='lat' dir='ltr'><strong>materiae-</strong></span> 
     </span>
     <span class='ocr_line' id='line_1_9' title="bbox 709 1391 2674 1476; baseline -0.002 -21"><span class='ocrx_word' id='word_1_62' title='bbox 709 1415 824 1475; x_wconf 90' lang='lat' dir='ltr'><strong>que</strong></span> <span class='ocrx_word' id='word_1_63' title='bbox 843 1397 1229 1457; x_wconf 81' lang='lat' dir='ltr'><strong>differentiam</strong></span> <span class='ocrx_word' id='word_1_64' title='bbox 1258 1417 1380 1458; x_wconf 83' lang='lat' dir='ltr'><strong>esse</strong></span> <span class='ocrx_word' id='word_1_65' title='bbox 1407 1398 1589 1476; x_wconf 81' lang='lat' dir='ltr'><strong>magis</strong></span> <span class='ocrx_word' id='word_1_66' title='bbox 1617 1415 1792 1474; x_wconf 85' lang='lat' dir='ltr'><strong>quam</strong></span> <span class='ocrx_word' id='word_1_67' title='bbox 1812 1395 2107 1454; x_wconf 80' lang='lat' dir='ltr'><strong>materiam</strong></span> <span class='ocrx_word' id='word_1_68' title='bbox 2136 1411 2239 1470; x_wconf 88' lang='lat' dir='ltr'><strong>per</strong></span> <span class='ocrx_word' id='word_1_69' title='bbox 2267 1391 2674 1469; x_wconf 68' lang='lat' dir='ltr'><strong>se2snbsisten-</strong></span> 
     </span>
     <span class='ocr_line' id='line_1_10' title="bbox 709 1508 2672 1591; baseline -0.004 -22"><span class='ocrx_word' id='word_1_70' title='bbox 709 1525 821 1570; x_wconf 83' lang='lat' dir='ltr'><strong>tem</strong></span> <span class='ocrx_word' id='word_1_71' title='bbox 843 1536 859 1570; x_wconf 77' lang='lat' dir='ltr'><strong><em>z</em></strong></span> <span class='ocrx_word' id='word_1_72' title='bbox 896 1510 974 1570; x_wconf 85' lang='grc' dir='ltr'><strong>ἔτι</strong></span> <span class='ocrx_word' id='word_1_73' title='bbox 998 1511 1053 1572; x_wconf 81' lang='grc' dir='ltr'><strong>δὲ</strong></span> <span class='ocrx_word' id='word_1_74' title='bbox 1078 1511 1174 1584; x_wconf 82' lang='grc' dir='ltr'><strong>τὴν</strong></span> <span class='ocrx_word' id='word_1_75' title='bbox 1196 1512 1552 1591; x_wconf 75' lang='grc' dir='ltr'><strong>ὑποκειμένην</strong></span> <span class='ocrx_word' id='word_1_76' title='bbox 1580 1511 1779 1585; x_wconf 72' lang='grc' dir='ltr'><strong>οὐσίαν,</strong></span> <span class='ocrx_word' id='word_1_77' title='bbox 1802 1510 1875 1577; x_wconf 81' lang='grc' dir='ltr'><strong>ὥς</strong></span> <span class='ocrx_word' id='word_1_78' title='bbox 1906 1509 2034 1582; x_wconf 71' lang='grc' dir='ltr'>ὅλην</span> <span class='ocrx_word' id='word_1_79' title='bbox 2067 1508 2582 1589; x_wconf 76' lang='grc' dir='ltr'><strong>μαθηματικώτεραν</strong></span> <span class='ocrx_word' id='word_1_80' title='bbox 2607 1509 2672 1566; x_wconf 76' lang='grc' dir='ltr'><strong>ἄν</strong></span> 
     </span>
     <span class='ocr_line' id='line_1_11' title="bbox 704 1614 2673 1708; baseline -0.002 -21"><span class='ocrx_word' id='word_1_81' title='bbox 704 1652 783 1696; x_wconf 85' lang='grc' dir='ltr'><strong>τις</strong></span> <span class='ocrx_word' id='word_1_82' title='bbox 821 1630 1082 1688; x_wconf 79' lang='grc' dir='ltr'><strong>ὕπολάὸοι</strong></span> <span class='ocrx_word' id='word_1_83' title='bbox 1097 1674 1117 1707; x_wconf 87' lang='lat'><em>,</em></span> <span class='ocrx_word' id='word_1_84' title='bbox 1157 1629 1247 1688; x_wconf 80' lang='grc' dir='ltr'><strong>καὶ</strong></span> <span class='ocrx_word' id='word_1_85' title='bbox 1290 1631 1491 1706; x_wconf 79' lang='grc' dir='ltr'>μᾶλλον</span> <span class='ocrx_word' id='word_1_86' title='bbox 1520 1630 1948 1708; x_wconf 78' lang='grc' dir='ltr'>κατηγορεῖσθαι,</span> <span class='ocrx_word' id='word_1_87' title='bbox 1987 1625 2077 1686; x_wconf 70' lang='grc' dir='ltr'><strong>καὶ</strong></span> <span class='ocrx_word' id='word_1_88' title='bbox 2116 1625 2371 1707; x_wconf 78' lang='grc' dir='ltr'><strong>διαφορὰν</strong></span> <span class='ocrx_word' id='word_1_89' title='bbox 2408 1614 2541 1684; x_wconf 68' lang='grc' dir='ltr'><strong>εἶναι</strong></span> <span class='ocrx_word' id='word_1_90' title='bbox 2578 1628 2673 1696; x_wconf 78' lang='grc' dir='ltr'><strong>τῆς</strong></span> 
     </span>
     <span class='ocr_line' id='line_1_12' title="bbox 709 1736 2667 1825; baseline -0.004 -20"><span class='ocrx_word' id='word_1_91' title='bbox 709 1745 887 1813; x_wconf 77' lang='grc' dir='ltr'><strong>οὐσίας</strong></span> <span class='ocrx_word' id='word_1_92' title='bbox 918 1746 1129 1818; x_wconf 73' lang='grc' dir='ltr'><strong>καὶτῆς</strong></span> <span class='ocrx_word' id='word_1_93' title='bbox 1150 1745 1302 1821; x_wconf 75' lang='grc' dir='ltr'><strong>ὕλης,</strong></span> <span class='ocrx_word' id='word_1_94' title='bbox 1331 1736 1438 1805; x_wconf 77' lang='grc' dir='ltr'><strong>οἷον</strong></span> <span class='ocrx_word' id='word_1_95' title='bbox 1472 1745 1533 1805; x_wconf 85' lang='grc' dir='ltr'><strong>τὸ</strong></span> <span class='ocrx_word' id='word_1_96' title='bbox 1575 1745 1713 1825; x_wconf 83' lang='grc' dir='ltr'><strong>μέγα</strong></span> <span class='ocrx_word' id='word_1_97' title='bbox 1744 1744 1835 1805; x_wconf 76' lang='grc' dir='ltr'><strong>καὶ</strong></span> <span class='ocrx_word' id='word_1_98' title='bbox 1861 1743 1923 1803; x_wconf 81' lang='grc' dir='ltr'><strong>τὸ</strong></span> <span class='ocrx_word' id='word_1_99' title='bbox 1953 1741 2191 1824; x_wconf 78' lang='grc' dir='ltr'><strong>μικρόν..</strong></span> <span class='ocrx_word' id='word_1_100' title='bbox 2211 1785 2225 1801; x_wconf 90' lang='grc'><strong>.</strong></span> <span class='ocrx_word' id='word_1_101' title='bbox 2258 1763 2310 1802; x_wconf 86' lang='lat' dir='ltr'><strong>c.</strong></span> <span class='ocrx_word' id='word_1_102' title='bbox 2340 1763 2397 1815; x_wconf 89' lang='lat'><strong>7,</strong></span> <span class='ocrx_word' id='word_1_103' title='bbox 2430 1762 2488 1818; x_wconf 90' lang='lat' dir='ltr'><strong>p.</strong></span> <span class='ocrx_word' id='word_1_104' title='bbox 2527 1743 2667 1808; x_wconf 72' lang='lat'><strong>854.</strong></span> 
     </span>
     <span class='ocr_line' id='line_1_13' title="bbox 706 1857 2673 1937; baseline -0.004 -18"><span class='ocrx_word' id='word_1_105' title='bbox 706 1860 891 1936; x_wconf 87' lang='lat' dir='ltr'><strong>Idem,</strong></span> <span class='ocrx_word' id='word_1_106' title='bbox 921 1861 984 1919; x_wconf 92' lang='lat' dir='ltr'><strong>in</strong></span> <span class='ocrx_word' id='word_1_107' title='bbox 1013 1860 1491 1937; x_wconf 87' lang='lat' dir='ltr'><strong>quatuordecimo</strong></span> <span class='ocrx_word' id='word_1_108' title='bbox 1503 1857 1679 1929; x_wconf 86' lang='lat' dir='ltr'><strong>libro,</strong></span> <span class='ocrx_word' id='word_1_109' title='bbox 1699 1858 2098 1918; x_wconf 88' lang='lat' dir='ltr'><strong>vehementius</strong></span> <span class='ocrx_word' id='word_1_110' title='bbox 2120 1869 2290 1935; x_wconf 81' lang='lat' dir='ltr'><strong>negat</strong></span> <span class='ocrx_word' id='word_1_111' title='bbox 2315 1874 2587 1933; x_wconf 84' lang='lat' dir='ltr'><strong>magnum</strong></span> <span class='ocrx_word' id='word_1_112' title='bbox 2614 1867 2673 1912; x_wconf 89' lang='lat' dir='ltr'><strong>et</strong></span> 
     </span>
     <span class='ocr_line' id='line_1_14' title="bbox 706 1962 2669 2054; baseline -0.003 -23"><span class='ocrx_word' id='word_1_113' title='bbox 706 1962 948 2049; x_wconf 75' lang='lat' dir='ltr'><strong>parvum</strong></span> <span class='ocrx_word' id='word_1_114' title='bbox 979 1973 1330 2032; x_wconf 86' lang='lat' dir='ltr'><strong>substantias</strong></span> <span class='ocrx_word' id='word_1_115' title='bbox 1353 1991 1498 2045; x_wconf 84' lang='lat' dir='ltr'><strong>esse,</strong></span> <span class='ocrx_word' id='word_1_116' title='bbox 1521 1973 1610 2031; x_wconf 87' lang='lat' dir='ltr'><strong>vel</strong></span> <span class='ocrx_word' id='word_1_117' title='bbox 1646 1970 2025 2054; x_wconf 72' lang='lat' dir='ltr'><strong>snbstantiam</strong></span> <span class='ocrx_word' id='word_1_118' title='bbox 2063 1991 2166 2049; x_wconf 88' lang='lat' dir='ltr'><strong>per</strong></span> <span class='ocrx_word' id='word_1_119' title='bbox 2192 1989 2253 2029; x_wconf 88' lang='lat' dir='ltr'><strong>se</strong></span> <span class='ocrx_word' id='word_1_120' title='bbox 2275 1969 2542 2039; x_wconf 78' lang='lat' dir='ltr'><strong>efficere5</strong></span> <span class='ocrx_word' id='word_1_121' title='bbox 2567 1967 2669 2029; x_wconf 84' lang='lat' dir='ltr'><strong>sed</strong></span> 
     </span>
     <span class='ocr_line' id='line_1_15' title="bbox 705 2083 2666 2162; baseline -0.001 -21"><span class='ocrx_word' id='word_1_122' title='bbox 705 2104 890 2144; x_wconf 90' lang='lat' dir='ltr'><strong>meras</strong></span> <span class='ocrx_word' id='word_1_123' title='bbox 909 2085 1309 2144; x_wconf 86' lang='lat' dir='ltr'><strong>tantummodo</strong></span> <span class='ocrx_word' id='word_1_124' title='bbox 1329 2086 1635 2146; x_wconf 87' lang='lat' dir='ltr'><strong>relationes</strong></span> <span class='ocrx_word' id='word_1_125' title='bbox 1655 2102 1777 2144; x_wconf 86' lang='lat' dir='ltr'><strong>esse</strong></span> <span class='ocrx_word' id='word_1_126' title='bbox 1798 2084 2119 2159; x_wconf 83' lang='lat' dir='ltr'><strong>contendit,</strong></span> <span class='ocrx_word' id='word_1_127' title='bbox 2150 2101 2294 2162; x_wconf 78' lang='lat' dir='ltr'><strong>quas</strong></span> <span class='ocrx_word' id='word_1_128' title='bbox 2317 2083 2375 2140; x_wconf 90' lang='lat' dir='ltr'><strong>in</strong></span> <span class='ocrx_word' id='word_1_129' title='bbox 2403 2083 2666 2141; x_wconf 85' lang='lat' dir='ltr'><strong>ultimum</strong></span> 
     </span>
     <span class='ocr_line' id='line_1_16' title="bbox 699 2195 2664 2276; baseline -0.001 -21"><span class='ocrx_word' id='word_1_130' title='bbox 699 2198 848 2256; x_wconf 84' lang='lat' dir='ltr'><strong>entis</strong></span> <span class='ocrx_word' id='word_1_131' title='bbox 888 2198 1130 2276; x_wconf 84' lang='lat' dir='ltr'><strong>gradum</strong></span> <span class='ocrx_word' id='word_1_132' title='bbox 1164 2218 1474 2274; x_wconf 87' lang='lat' dir='ltr'><strong>removere,</strong></span> <span class='ocrx_word' id='word_1_133' title='bbox 1498 2211 1672 2276; x_wconf 88' lang='lat' dir='ltr'><strong>atque</strong></span> <span class='ocrx_word' id='word_1_134' title='bbox 1708 2197 1782 2257; x_wconf 89' lang='lat' dir='ltr'><strong>ab</strong></span> <span class='ocrx_word' id='word_1_135' title='bbox 1806 2197 2048 2258; x_wconf 85' lang='lat' dir='ltr'><strong>essentia</strong></span> <span class='ocrx_word' id='word_1_136' title='bbox 2072 2209 2131 2254; x_wconf 90' lang='lat' dir='ltr'><strong>et</strong></span> <span class='ocrx_word' id='word_1_137' title='bbox 2158 2200 2234 2276; x_wconf 79' lang='grc' dir='ltr'><strong>τῷ</strong></span> <span class='ocrx_word' id='word_1_138' title='bbox 2260 2196 2521 2268; x_wconf 81' lang='grc' dir='ltr'>ἀληθινῶς</span> <span class='ocrx_word' id='word_1_139' title='bbox 2553 2195 2664 2255; x_wconf 85' lang='grc' dir='ltr'><strong>ὄντι</strong></span> 
     </span>
     <span class='ocr_line' id='line_1_17' title="bbox 700 2307 2666 2392; baseline 0.001 -27"><span class='ocrx_word' id='word_1_140' title='bbox 700 2310 1029 2386; x_wconf 82' lang='lat' dir='ltr'><strong>longissime</strong></span> <span class='ocrx_word' id='word_1_141' title='bbox 1060 2326 1338 2390; x_wconf 88' lang='lat' dir='ltr'><strong>seponere</strong></span> <span class='ocrx_word' id='word_1_142' title='bbox 1372 2323 1635 2390; x_wconf 84' lang='lat' dir='ltr'><strong>oporteat</strong></span> <span class='ocrx_word' id='word_1_143' title='bbox 1668 2331 1681 2369; x_wconf 70' lang='grc' dir='ltr'><strong><em>ε</em></strong></span> <span class='ocrx_word' id='word_1_144' title='bbox 1713 2309 1791 2369; x_wconf 85' lang='grc' dir='ltr'><strong>ἔτι</strong></span> <span class='ocrx_word' id='word_1_145' title='bbox 1820 2308 1883 2382; x_wconf 85' lang='grc' dir='ltr'><strong>δὴ</strong></span> <span class='ocrx_word' id='word_1_146' title='bbox 1911 2309 2041 2392; x_wconf 79' lang='grc' dir='ltr'><strong>πρὸς</strong></span> <span class='ocrx_word' id='word_1_147' title='bbox 2092 2307 2259 2389; x_wconf 79' lang='grc' dir='ltr'><strong>ταύτῃ</strong></span> <span class='ocrx_word' id='word_1_148' title='bbox 2303 2308 2376 2386; x_wconf 72' lang='grc' dir='ltr'><strong>τῇ</strong></span> <span class='ocrx_word' id='word_1_149' title='bbox 2403 2307 2666 2390; x_wconf 74' lang='grc' dir='ltr'><strong>ἁμαρτίᾳ,</strong></span> 
     </span>
     <span class='ocr_line' id='line_1_18' title="bbox 700 2413 2658 2504; baseline 0.001 -25"><span class='ocrx_word' id='word_1_150' title='bbox 700 2422 795 2483; x_wconf 75' lang='grc' dir='ltr'><strong>καὶ·</strong></span> <span class='ocrx_word' id='word_1_151' title='bbox 838 2422 967 2504; x_wconf 85' lang='grc' dir='ltr'><strong>πρός</strong></span> <span class='ocrx_word' id='word_1_152' title='bbox 1001 2448 1056 2484; x_wconf 85' lang='grc' dir='ltr'><strong>τι</strong></span> <span class='ocrx_word' id='word_1_153' title='bbox 1084 2424 1290 2503; x_wconf 78' lang='grc' dir='ltr'>ἀνάγκη</span> <span class='ocrx_word' id='word_1_154' title='bbox 1314 2413 1449 2484; x_wconf 74' lang='grc' dir='ltr'><strong>εἶναι</strong></span> <span class='ocrx_word' id='word_1_155' title='bbox 1476 2424 1536 2483; x_wconf 79' lang='grc' dir='ltr'><strong>τὸ</strong></span> <span class='ocrx_word' id='word_1_156' title='bbox 1557 2425 1699 2502; x_wconf 81' lang='grc' dir='ltr'><strong>μέγα</strong></span> <span class='ocrx_word' id='word_1_157' title='bbox 1729 2422 1820 2481; x_wconf 84' lang='grc' dir='ltr'><strong>καὶ</strong></span> <span class='ocrx_word' id='word_1_158' title='bbox 1843 2421 1902 2481; x_wconf 84' lang='grc' dir='ltr'><strong>τὸ</strong></span> <span class='ocrx_word' id='word_1_159' title='bbox 1935 2422 2124 2502; x_wconf 79' lang='grc' dir='ltr'><strong>μικρὸν</strong></span> <span class='ocrx_word' id='word_1_160' title='bbox 2144 2467 2159 2495; x_wconf 85' lang='grc'>,</span> <span class='ocrx_word' id='word_1_161' title='bbox 2189 2421 2281 2481; x_wconf 71' lang='grc' dir='ltr'><strong>καὶ</strong></span> <span class='ocrx_word' id='word_1_162' title='bbox 2299 2421 2397 2483; x_wconf 79' lang='grc' dir='ltr'><strong>ὅσα</strong></span> <span class='ocrx_word' id='word_1_163' title='bbox 2419 2430 2658 2486; x_wconf 77' lang='grc' dir='ltr'><strong>τοιαῦτα·</strong></span> 
     </span>
     <span class='ocr_line' id='line_1_19' title="bbox 700 2532 2672 2615; baseline 0.001 -21"><span class='ocrx_word' id='word_1_164' title='bbox 700 2536 757 2594; x_wconf 85' lang='grc' dir='ltr'><strong>τὸ</strong></span> <span class='ocrx_word' id='word_1_165' title='bbox 796 2537 851 2595; x_wconf 83' lang='grc' dir='ltr'><strong>δὲ</strong></span> <span class='ocrx_word' id='word_1_166' title='bbox 883 2537 1014 2615; x_wconf 83' lang='grc' dir='ltr'><strong>πρός</strong></span> <span class='ocrx_word' id='word_1_167' title='bbox 1046 2558 1123 2612; x_wconf 83' lang='grc' dir='ltr'><strong>τι,</strong></span> <span class='ocrx_word' id='word_1_168' title='bbox 1169 2536 1380 2594; x_wconf 85' lang='grc' dir='ltr'>πάντων</span> <span class='ocrx_word' id='word_1_169' title='bbox 1415 2534 1614 2606; x_wconf 68' lang='grc' dir='ltr'><strong>ἥκιστα</strong></span> <span class='ocrx_word' id='word_1_170' title='bbox 1639 2534 1787 2614; x_wconf 84' lang='grc' dir='ltr'>φύσις</span> <span class='ocrx_word' id='word_1_171' title='bbox 1827 2534 1902 2600; x_wconf 82' lang='grc' dir='ltr'><strong>τὶς</strong></span> <span class='ocrx_word' id='word_1_172' title='bbox 1929 2532 1963 2606; x_wconf 82' lang='grc' dir='ltr'>ἢ</span> <span class='ocrx_word' id='word_1_173' title='bbox 1994 2534 2148 2594; x_wconf 79' lang='grc' dir='ltr'><strong>οὐσία</strong></span> <span class='ocrx_word' id='word_1_174' title='bbox 2192 2538 2298 2594; x_wconf 80' lang='grc' dir='ltr'><strong>τῶν</strong></span> <span class='ocrx_word' id='word_1_175' title='bbox 2334 2539 2672 2615; x_wconf 70' lang='grc' dir='ltr'><strong>κατηγοριῶν</strong></span> 
     </span>
     <span class='ocr_line' id='line_1_20' title="bbox 696 2651 2665 2735; baseline 0.001 -25"><span class='ocrx_word' id='word_1_176' title='bbox 696 2655 811 2711; x_wconf 82' lang='grc' dir='ltr'><strong>ἐστι</strong></span> <span class='ocrx_word' id='word_1_177' title='bbox 830 2672 843 2688; x_wconf 89' lang='grc'><em>·</em></span> <span class='ocrx_word' id='word_1_178' title='bbox 893 2652 984 2711; x_wconf 75' lang='grc' dir='ltr'><strong>καὶ</strong></span> <span class='ocrx_word' id='word_1_179' title='bbox 1012 2651 1205 2735; x_wconf 75' lang='grc' dir='ltr'><strong>ὑστέρα</strong></span> <span class='ocrx_word' id='word_1_180' title='bbox 1231 2656 1321 2711; x_wconf 74' lang='grc' dir='ltr'><strong>τοῦ</strong></span> <span class='ocrx_word' id='word_1_181' title='bbox 1342 2657 1527 2726; x_wconf 79' lang='grc' dir='ltr'><strong>ποιοῦ,</strong></span> <span class='ocrx_word' id='word_1_182' title='bbox 1556 2652 1647 2713; x_wconf 75' lang='grc' dir='ltr'><strong>καὶ</strong></span> <span class='ocrx_word' id='word_1_183' title='bbox 1670 2658 1761 2712; x_wconf 73' lang='grc' dir='ltr'><strong>τοῦ</strong></span> <span class='ocrx_word' id='word_1_184' title='bbox 1790 2658 1974 2723; x_wconf 77' lang='grc' dir='ltr'>ποσοῦ,</span> <span class='ocrx_word' id='word_1_185' title='bbox 1999 2652 2090 2712; x_wconf 83' lang='grc' dir='ltr'><strong>καὶ</strong></span> <span class='ocrx_word' id='word_1_186' title='bbox 2111 2652 2275 2721; x_wconf 79' lang='grc' dir='ltr'>πάθος</span> <span class='ocrx_word' id='word_1_187' title='bbox 2303 2676 2355 2711; x_wconf 90' lang='grc' dir='ltr'><strong>τι</strong></span> <span class='ocrx_word' id='word_1_188' title='bbox 2382 2658 2472 2714; x_wconf 76' lang='grc' dir='ltr'><strong>τοῦ</strong></span> <span class='ocrx_word' id='word_1_189' title='bbox 2502 2657 2665 2714; x_wconf 77' lang='grc' dir='ltr'>ποσοῦ</span> 
     </span>
     <span class='ocr_line' id='line_1_21' title="bbox 695 2763 2658 2846; baseline 0.001 -24"><span class='ocrx_word' id='word_1_190' title='bbox 695 2763 756 2823; x_wconf 86' lang='grc' dir='ltr'><strong>τὸ</strong></span> <span class='ocrx_word' id='word_1_191' title='bbox 771 2764 903 2844; x_wconf 83' lang='grc' dir='ltr'><strong>πρός</strong></span> <span class='ocrx_word' id='word_1_192' title='bbox 923 2789 972 2823; x_wconf 87' lang='grc' dir='ltr'><strong>τι</strong></span> <span class='ocrx_word' id='word_1_193' title='bbox 997 2769 1068 2833; x_wconf 83' lang='grc' dir='ltr'><strong>ὡς</strong></span> <span class='ocrx_word' id='word_1_194' title='bbox 1091 2765 1412 2846; x_wconf 80' lang='grc' dir='ltr'><strong>προελέχθη,</strong></span> <span class='ocrx_word' id='word_1_195' title='bbox 1434 2763 1556 2825; x_wconf 73' lang='grc' dir='ltr'>ἀλλ’</span> <span class='ocrx_word' id='word_1_196' title='bbox 1579 2767 1680 2846; x_wconf 76' lang='grc' dir='ltr'><strong>οὐχ</strong></span> <span class='ocrx_word' id='word_1_197' title='bbox 1698 2764 1796 2838; x_wconf 80' lang='grc' dir='ltr'><strong>ὕλη</strong></span> <span class='ocrx_word' id='word_1_198' title='bbox 1827 2765 1861 2836; x_wconf 84' lang='grc' dir='ltr'>ἤ</span> <span class='ocrx_word' id='word_1_199' title='bbox 1887 2786 1938 2825; x_wconf 83' lang='grc' dir='ltr'><strong>τι</strong></span> <span class='ocrx_word' id='word_1_200' title='bbox 1964 2764 2164 2846; x_wconf 78' lang='grc' dir='ltr'><strong>ἕτερον.</strong></span> <span class='ocrx_word' id='word_1_201' title='bbox 2193 2786 2243 2824; x_wconf 88' lang='lat' dir='ltr'><strong>c.</strong></span> <span class='ocrx_word' id='word_1_202' title='bbox 2279 2772 2335 2838; x_wconf 90' lang='lat' dir='ltr'><strong>l,</strong></span> <span class='ocrx_word' id='word_1_203' title='bbox 2366 2787 2423 2844; x_wconf 89' lang='lat' dir='ltr'><strong>p.</strong></span> <span class='ocrx_word' id='word_1_204' title='bbox 2465 2787 2658 2842; x_wconf 87' lang='lat'><strong>971...</strong></span> 
     </span>
     <span class='ocr_line' id='line_1_22' title="bbox 697 2876 2667 2959; baseline 0.002 -25"><span class='ocrx_word' id='word_1_205' title='bbox 697 2876 779 2936; x_wconf 80' lang='grc' dir='ltr'><strong>ὅτι</strong></span> <span class='ocrx_word' id='word_1_206' title='bbox 804 2878 1002 2949; x_wconf 80' lang='grc' dir='ltr'><strong>ἥκιστα</strong></span> <span class='ocrx_word' id='word_1_207' title='bbox 1025 2877 1180 2938; x_wconf 71' lang='grc' dir='ltr'><strong>οὗὰία</strong></span> <span class='ocrx_word' id='word_1_208' title='bbox 1205 2902 1285 2947; x_wconf 85' lang='grc' dir='ltr'><strong>τις</strong></span> <span class='ocrx_word' id='word_1_209' title='bbox 1313 2879 1403 2938; x_wconf 76' lang='grc' dir='ltr'><strong>καὶ</strong></span> <span class='ocrx_word' id='word_1_210' title='bbox 1430 2879 1486 2937; x_wconf 81' lang='grc' dir='ltr'><strong>ὄν</strong></span> <span class='ocrx_word' id='word_1_211' title='bbox 1509 2891 1577 2937; x_wconf 64' lang='grc' dir='ltr'><strong>4τι</strong></span> <span class='ocrx_word' id='word_1_212' title='bbox 1600 2880 1661 2938; x_wconf 84' lang='grc' dir='ltr'><strong>τὸ</strong></span> <span class='ocrx_word' id='word_1_213' title='bbox 1686 2878 1817 2959; x_wconf 68' lang='grc' dir='ltr'><strong>πρός</strong></span> <span class='ocrx_word' id='word_1_214' title='bbox 1846 2904 1899 2938; x_wconf 88' lang='grc' dir='ltr'><strong>τι</strong></span> <span class='ocrx_word' id='word_1_215' title='bbox 1925 2925 1965 2941; x_wconf 83' lang='grc'><strong>..</strong></span> <span class='ocrx_word' id='word_1_216' title='bbox 2002 2881 2144 2937; x_wconf 73' lang='lat' dir='ltr'><strong>ibid.</strong></span> <span class='ocrx_word' id='word_1_217' title='bbox 2178 2900 2239 2959; x_wconf 86' lang='lat' dir='ltr'><strong>p.</strong></span> <span class='ocrx_word' id='word_1_218' title='bbox 2264 2901 2404 2956; x_wconf 81' lang='lat'><strong>972·</strong></span> <span class='ocrx_word' id='word_1_219' title='bbox 2439 2881 2667 2942; x_wconf 76' lang='lat' dir='ltr'><strong>Relatio</strong></span> 
     </span>
     <span class='ocr_line' id='line_1_23' title="bbox 693 2993 2667 3079; baseline 0.001 -24"><span class='ocrx_word' id='word_1_220' title='bbox 693 3008 888 3055; x_wconf 85' lang='lat' dir='ltr'><strong>autem</strong></span> <span class='ocrx_word' id='word_1_221' title='bbox 914 2993 976 3052; x_wconf 90' lang='lat' dir='ltr'><strong>in</strong></span> <span class='ocrx_word' id='word_1_222' title='bbox 1006 3010 1279 3056; x_wconf 86' lang='lat' dir='ltr'><strong>neutrum</strong></span> <span class='ocrx_word' id='word_1_223' title='bbox 1307 2998 1758 3058; x_wconf 85' lang='lat' dir='ltr'><strong>substantiarum</strong></span> <span class='ocrx_word' id='word_1_224' title='bbox 1797 3017 1979 3078; x_wconf 72' lang='lat' dir='ltr'><strong>genus</strong></span> <span class='ocrx_word' id='word_1_225' title='bbox 2005 3001 2209 3078; x_wconf 86' lang='lat' dir='ltr'><strong>reponi</strong></span> <span class='ocrx_word' id='word_1_226' title='bbox 2241 3013 2454 3079; x_wconf 89' lang='lat' dir='ltr'><strong>potest,</strong></span> <span class='ocrx_word' id='word_1_227' title='bbox 2486 3013 2544 3059; x_wconf 91' lang='lat' dir='ltr'><strong>et</strong></span> <span class='ocrx_word' id='word_1_228' title='bbox 2586 2999 2667 3058; x_wconf 83' lang='lat' dir='ltr'><strong>ab</strong></span> 
     </span>
     <span class='ocr_line' id='line_1_24' title="bbox 697 3107 2662 3186; baseline 0.003 -23"><span class='ocrx_word' id='word_1_229' title='bbox 697 3120 944 3183; x_wconf 89' lang='lat' dir='ltr'><strong>utroque</strong></span> <span class='ocrx_word' id='word_1_230' title='bbox 958 3107 1173 3185; x_wconf 88' lang='lat' dir='ltr'><strong>pariter</strong></span> <span class='ocrx_word' id='word_1_231' title='bbox 1191 3107 1527 3186; x_wconf 72' lang='lat' dir='ltr'><strong>expellitur;</strong></span> <span class='ocrx_word' id='word_1_232' title='bbox 1554 3129 1669 3186; x_wconf 91' lang='lat' dir='ltr'><strong>qua</strong></span> <span class='ocrx_word' id='word_1_233' title='bbox 1688 3110 1843 3168; x_wconf 86' lang='lat' dir='ltr'><strong>enim</strong></span> <span class='ocrx_word' id='word_1_234' title='bbox 1874 3109 2094 3168; x_wconf 85' lang='lat' dir='ltr'><strong>ratione</strong></span> <span class='ocrx_word' id='word_1_235' title='bbox 2119 3130 2243 3182; x_wconf 86' lang='lat' dir='ltr'><strong>ens,</strong></span> <span class='ocrx_word' id='word_1_236' title='bbox 2275 3113 2365 3171; x_wconf 86' lang='lat' dir='ltr'><strong>vel</strong></span> <span class='ocrx_word' id='word_1_237' title='bbox 2393 3124 2545 3185; x_wconf 87' lang='lat' dir='ltr'><strong>actu,</strong></span> <span class='ocrx_word' id='word_1_238' title='bbox 2574 3112 2662 3169; x_wconf 89' lang='lat' dir='ltr'><strong>vel</strong></span> 
     </span>
     <span class='ocr_line' id='line_1_25' title="bbox 693 3223 2671 3306; baseline 0.003 -28"><span class='ocrx_word' id='word_1_239' title='bbox 693 3223 953 3300; x_wconf 88' lang='lat' dir='ltr'><strong>potentia</strong></span> <span class='ocrx_word' id='word_1_240' title='bbox 982 3223 1043 3280; x_wconf 84' lang='lat' dir='ltr'><strong>id</strong></span> <span class='ocrx_word' id='word_1_241' title='bbox 1070 3242 1191 3283; x_wconf 81' lang='lat' dir='ltr'><strong>esse</strong></span> <span class='ocrx_word' id='word_1_242' title='bbox 1221 3226 1422 3303; x_wconf 87' lang='lat' dir='ltr'><strong>possit,</strong></span> <span class='ocrx_word' id='word_1_243' title='bbox 1453 3225 1614 3303; x_wconf 88' lang='lat' dir='ltr'><strong>quod</strong></span> <span class='ocrx_word' id='word_1_244' title='bbox 1642 3225 1720 3283; x_wconf 87' lang='lat' dir='ltr'><strong>ad</strong></span> <span class='ocrx_word' id='word_1_245' title='bbox 1741 3226 1900 3284; x_wconf 81' lang='lat' dir='ltr'><strong>aliud</strong></span> <span class='ocrx_word' id='word_1_246' title='bbox 1926 3227 2073 3303; x_wconf 84' lang='lat' dir='ltr'><strong>quid</strong></span> <span class='ocrx_word' id='word_1_247' title='bbox 2108 3237 2335 3306; x_wconf 81' lang='lat' dir='ltr'><strong>semper</strong></span> <span class='ocrx_word' id='word_1_248' title='bbox 2373 3228 2619 3285; x_wconf 83' lang='lat' dir='ltr'><strong>refertur</strong></span> <span class='ocrx_word' id='word_1_249' title='bbox 2639 3231 2671 3283; x_wconf 59' lang='grc' dir='ltr'><strong>ἱ)</strong></span> 
     </span>
     <span class='ocr_line' id='line_1_26' title="bbox 692 3311 2658 3420; baseline 0.002 -27"><span class='ocrx_word' id='word_1_250' title='bbox 692 3335 752 3394; x_wconf 87' lang='grc' dir='ltr'><strong>τὸ</strong></span> <span class='ocrx_word' id='word_1_251' title='bbox 772 3334 825 3395; x_wconf 83' lang='grc' dir='ltr'><strong>δὲ</strong></span> <span class='ocrx_word' id='word_1_252' title='bbox 842 3334 972 3415; x_wconf 77' lang='grc' dir='ltr'><strong>πρός</strong></span> <span class='ocrx_word' id='word_1_253' title='bbox 994 3359 1064 3410; x_wconf 84' lang='grc' dir='ltr'><strong>τι,</strong></span> <span class='ocrx_word' id='word_1_254' title='bbox 1079 3335 1199 3396; x_wconf 82' lang='grc' dir='ltr'>οὔτε</span> <span class='ocrx_word' id='word_1_255' title='bbox 1215 3336 1753 3415; x_wconf 82' lang='grc' dir='ltr'><strong>δυνάμειοῦσία,οὕτε</strong></span> <span class='ocrx_word' id='word_1_256' title='bbox 1774 3340 2027 3420; x_wconf 75' lang='grc' dir='ltr'><strong>ἐνεργείᾳ.</strong></span> <span class='ocrx_word' id='word_1_257' title='bbox 2051 3311 2194 3400; x_wconf 75' lang='lat' dir='ltr'><strong>Met.</strong></span> <span class='ocrx_word' id='word_1_258' title='bbox 2214 3343 2369 3412; x_wconf 90' lang='lat' dir='ltr'>XIV,</span> <span class='ocrx_word' id='word_1_259' title='bbox 2392 3361 2414 3395; x_wconf 91' lang='lat'>1</span> <span class='ocrx_word' id='word_1_260' title='bbox 2428 3383 2441 3409; x_wconf 96' lang='lat'>,</span> <span class='ocrx_word' id='word_1_261' title='bbox 2458 3358 2658 3416; x_wconf 77' lang='lat' dir='ltr'><strong>p.972.</strong></span> 
     </span>
     <span class='ocr_line' id='line_1_27' title="bbox 690 3441 2659 3536; baseline 0.003 -29"><span class='ocrx_word' id='word_1_262' title='bbox 690 3453 834 3507; x_wconf 86' lang='lat' dir='ltr'><strong>Cum</strong></span> <span class='ocrx_word' id='word_1_263' title='bbox 861 3451 942 3509; x_wconf 85' lang='lat' dir='ltr'><strong>sic</strong></span> <span class='ocrx_word' id='word_1_264' title='bbox 958 3451 1287 3536; x_wconf 78' lang='lat' dir='ltr'><strong>Aristoteles</strong></span> <span class='ocrx_word' id='word_1_265' title='bbox 1307 3452 1596 3529; x_wconf 81' lang='lat' dir='ltr'><strong>loquatur,</strong></span> <span class='ocrx_word' id='word_1_266' title='bbox 1617 3452 1856 3530; x_wconf 89' lang='lat' dir='ltr'><strong>perinde</strong></span> <span class='ocrx_word' id='word_1_267' title='bbox 1884 3467 1971 3512; x_wconf 88' lang='lat' dir='ltr'><strong>est</strong></span> <span class='ocrx_word' id='word_1_268' title='bbox 1992 3474 2059 3512; x_wconf 85' lang='lat' dir='ltr'><strong>ac</strong></span> <span class='ocrx_word' id='word_1_269' title='bbox 2081 3457 2128 3514; x_wconf 88' lang='lat' dir='ltr'><strong>si</strong></span> <span class='ocrx_word' id='word_1_270' title='bbox 2152 3455 2346 3533; x_wconf 82' lang='lat' dir='ltr'><strong>ipsum</strong></span> <span class='ocrx_word' id='word_1_271' title='bbox 2361 3441 2659 3512; x_wconf 85' lang='lat' dir='ltr'><strong>Platonem</strong></span> 
     </span>
     <span class='ocr_line' id='line_1_28' title="bbox 695 3561 2660 3650; baseline 0.003 -31"><span class='ocrx_word' id='word_1_272' title='bbox 695 3561 917 3650; x_wconf 71' lang='lat' dir='ltr'><strong>audias,</strong></span> <span class='ocrx_word' id='word_1_273' title='bbox 956 3562 1118 3620; x_wconf 79' lang='lat' dir='ltr'><strong>Plato</strong></span> <span class='ocrx_word' id='word_1_274' title='bbox 1145 3563 1299 3619; x_wconf 88' lang='lat' dir='ltr'><strong>enim</strong></span> <span class='ocrx_word' id='word_1_275' title='bbox 1343 3564 1561 3638; x_wconf 88' lang='lat' dir='ltr'><strong>omnia,</strong></span> <span class='ocrx_word' id='word_1_276' title='bbox 1587 3585 1717 3643; x_wconf 84' lang='lat' dir='ltr'><strong>quae</strong></span> <span class='ocrx_word' id='word_1_277' title='bbox 1747 3578 1905 3636; x_wconf 82' lang='lat' dir='ltr'><strong>sunt,</strong></span> <span class='ocrx_word' id='word_1_278' title='bbox 1934 3566 1994 3622; x_wconf 91' lang='lat' dir='ltr'><strong>in</strong></span> <span class='ocrx_word' id='word_1_279' title='bbox 2021 3566 2138 3625; x_wconf 90' lang='lat' dir='ltr'><strong>duo</strong></span> <span class='ocrx_word' id='word_1_280' title='bbox 2168 3586 2379 3645; x_wconf 87' lang='lat' dir='ltr'><strong>genera</strong></span> <span class='ocrx_word' id='word_1_281' title='bbox 2418 3565 2611 3626; x_wconf 85' lang='lat' dir='ltr'><strong>divisit</strong></span> <span class='ocrx_word' id='word_1_282' title='bbox 2641 3612 2660 3636; x_wconf 77' lang='grc'>,</span> 
     </span>
     <span class='ocr_line' id='line_1_29' title="bbox 695 3661 2658 3761; baseline 0.004 -30"><span class='ocrx_word' id='word_1_283' title='bbox 695 3661 874 3732; x_wconf 79' lang='lat' dir='ltr'><strong>unnm</strong></span> <span class='ocrx_word' id='word_1_284' title='bbox 900 3694 1123 3741; x_wconf 88' lang='lat' dir='ltr'><strong>eorum,</strong></span> <span class='ocrx_word' id='word_1_285' title='bbox 1144 3694 1278 3751; x_wconf 83' lang='lat' dir='ltr'><strong>quae</strong></span> <span class='ocrx_word' id='word_1_286' title='bbox 1295 3695 1399 3753; x_wconf 86' lang='lat' dir='ltr'><strong>per</strong></span> <span class='ocrx_word' id='word_1_287' title='bbox 1422 3695 1481 3735; x_wconf 88' lang='lat' dir='ltr'><strong>se</strong></span> <span class='ocrx_word' id='word_1_288' title='bbox 1503 3678 1779 3756; x_wconf 80' lang='lat' dir='ltr'><strong>existunt,</strong></span> <span class='ocrx_word' id='word_1_289' title='bbox 1801 3683 2044 3739; x_wconf 83' lang='lat' dir='ltr'><strong>alterum</strong></span> <span class='ocrx_word' id='word_1_290' title='bbox 2065 3701 2429 3761; x_wconf 80' lang='lat' dir='ltr'><strong>eorum-‚quae</strong></span> <span class='ocrx_word' id='word_1_291' title='bbox 2448 3681 2521 3739; x_wconf 83' lang='lat' dir='ltr'><strong>ad</strong></span> <span class='ocrx_word' id='word_1_292' title='bbox 2547 3682 2658 3741; x_wconf 81' lang='lat' dir='ltr'><strong>alia</strong></span> 
     </span>
     <span class='ocr_line' id='line_1_30' title="bbox 690 3787 2657 3876; baseline 0.004 -31"><span class='ocrx_word' id='word_1_293' title='bbox 690 3787 1054 3847; x_wconf 78' lang='lat' dir='ltr'><strong>reseruntur:</strong></span> <span class='ocrx_word' id='word_1_294' title='bbox 1086 3789 1194 3846; x_wconf 83' lang='grc' dir='ltr'><strong>τῶν</strong></span> <span class='ocrx_word' id='word_1_295' title='bbox 1222 3787 1384 3847; x_wconf 81' lang='grc' dir='ltr'>ὄντων</span> <span class='ocrx_word' id='word_1_296' title='bbox 1433 3789 1499 3849; x_wconf 76' lang='grc' dir='ltr'><strong>τὰ</strong></span> <span class='ocrx_word' id='word_1_297' title='bbox 1531 3790 1645 3870; x_wconf 78' lang='grc' dir='ltr'><strong>μὲν,</strong></span> <span class='ocrx_word' id='word_1_298' title='bbox 1684 3792 1818 3854; x_wconf 78' lang='grc' dir='ltr'><strong>αὐτὰ</strong></span> <span class='ocrx_word' id='word_1_299' title='bbox 1844 3792 1965 3853; x_wconf 87' lang='grc' dir='ltr'><strong>καθ’</strong></span> <span class='ocrx_word' id='word_1_300' title='bbox 1990 3794 2145 3869; x_wconf 77' lang='grc' dir='ltr'><strong>αὓτὰ,</strong></span> <span class='ocrx_word' id='word_1_301' title='bbox 2163 3793 2231 3854; x_wconf 82' lang='grc' dir='ltr'><strong>τὰ</strong></span> <span class='ocrx_word' id='word_1_302' title='bbox 2262 3793 2338 3869; x_wconf 84' lang='grc' dir='ltr'><strong>δὲ,</strong></span> <span class='ocrx_word' id='word_1_303' title='bbox 2367 3794 2498 3876; x_wconf 81' lang='grc' dir='ltr'><strong>πρὸς</strong></span> <span class='ocrx_word' id='word_1_304' title='bbox 2518 3794 2657 3854; x_wconf 81' lang='grc' dir='ltr'><strong>ἄλλα</strong></span> 
     </span>
    </p>
   </div>
   <div class='ocr_carea' id='block_1_3' title="bbox 689 3897 2652 3994">
    <p class='ocr_par' dir='ltr' id='par_1_3' title="bbox 689 3897 2652 3994">
     <span class='ocr_line' id='line_1_31' title="bbox 689 3897 2652 3994; baseline 0.005 -34"><span class='ocrx_word' id='word_1_305' title='bbox 689 3902 768 3961; x_wconf 72' lang='grc' dir='ltr'><strong>ἀεὶ</strong></span> <span class='ocrx_word' id='word_1_306' title='bbox 796 3897 1058 3982; x_wconf 78' lang='grc' dir='ltr'><strong>λέγεσθαι.</strong></span> <span class='ocrx_word' id='word_1_307' title='bbox 1080 3902 1253 3978; x_wconf 79' lang='lat' dir='ltr'><strong>Soph.</strong></span> <span class='ocrx_word' id='word_1_308' title='bbox 1293 3906 1419 3977; x_wconf 84' lang='lat'>178.</span> <span class='ocrx_word' id='word_1_309' title='bbox 1452 3926 1509 3971; x_wconf 78' lang='lat' dir='ltr'><strong>e.</strong></span> <span class='ocrx_word' id='word_1_310' title='bbox 1540 3912 1689 3984; x_wconf 84' lang='lat' dir='ltr'><strong>Ergo</strong></span> <span class='ocrx_word' id='word_1_311' title='bbox 1718 3908 1778 3966; x_wconf 89' lang='lat' dir='ltr'><strong>in</strong></span> <span class='ocrx_word' id='word_1_312' title='bbox 1809 3908 2125 3968; x_wconf 88' lang='lat' dir='ltr'><strong>secundum</strong></span> <span class='ocrx_word' id='word_1_313' title='bbox 2156 3930 2337 3994; x_wconf 81' lang='lat' dir='ltr'><strong>genus</strong></span> <span class='ocrx_word' id='word_1_314' title='bbox 2363 3909 2652 3970; x_wconf 81' lang='lat' dir='ltr'><strong>infinitum</strong></span> 
     </span>
    </p>
   </div>
   <div class='ocr_carea' id='block_1_4' title="bbox 3057 1869 3063 2661">
    <p class='ocr_par' dir='ltr' id='par_1_4' title="bbox 3057 1869 3063 2661">
     <span class='ocr_line' id='line_1_32' title="bbox 3057 1869 3063 2661; baseline 0 0"><span class='ocrx_word' id='word_1_315' title='bbox 3057 1869 3063 2661; x_wconf 95' lang='lat' dir='ltr'><strong> </strong></span> 
     </span>
    </p>
   </div>
   <div class='ocr_carea' id='block_1_5' title="bbox 3057 2802 3062 4079">
    <p class='ocr_par' dir='ltr' id='par_1_5' title="bbox 3057 2802 3062 4079">
     <span class='ocr_line' id='line_1_33' title="bbox 3057 2802 3062 4079; baseline 0 0"><span class='ocrx_word' id='word_1_316' title='bbox 3057 2802 3062 4079; x_wconf 95' lang='lat' dir='ltr'><strong> </strong></span> 
     </span>
    </p>
   </div>
   <div class='ocr_carea' id='block_1_6' title="bbox 3057 4260 3061 4929">
    <p class='ocr_par' dir='ltr' id='par_1_6' title="bbox 3057 4260 3061 4929">
     <span class='ocr_line' id='line_1_34' title="bbox 3057 4260 3061 4929; baseline 0 0"><span class='ocrx_word' id='word_1_317' title='bbox 3057 4260 3061 4929; x_wconf 95' lang='lat' dir='ltr'><strong> </strong></span> 
     </span>
    </p>
   </div>
  </div>
 </body>
</html>
