3094 4963
1711 470 1786 531 28

776 598 998 680 Πρῶτον
1024 602 1196 667 τοίνυν
1236 602 1459 679 εἶδῦμεν
1481 607 1660 659 πᾶσαν
1683 598 1782 669 τήν
1814 619 1872 655 τε
1903 594 2201 676 ὑπερὸολὴν
2233 595 2323 657 καὶ
2352 594 2449 671 τὴν
2484 594 2757 683 ἔλλειψιν,

776 712 865 772 ἵνα
891 717 1032 776 κατὰ
1073 715 1228 795 λόγον
1266 716 1571 791 ἑπαινῶμεν
1604 710 1695 771 καὶ
1720 708 2035 790 ψέγωμεν...
2064 707 2136 769 Ὅ
2157 710 2309 791 λόγος
2331 715 2481 788 ἡμῖν.
2498 754 2512 770 .
2533 761 2545 774 .
2581 713 2759 792 ὀρθῶς

778 825 839 887 ἂν
865 826 1168 908 γίγνοιτο...
1195 827 1395 907 μήκους
1427 851 1484 889 τε
1511 823 1634 907 πέρι
1660 823 1753 885 καὶ
1779 821 2134 906 βραχύτητος,
2168 821 2259 883 καὶ
2281 822 2457 897 πάσης
2483 829 2756 906 ὑπεροχῆς

774 940 868 1001 καὶ
895 939 1175 1022 ἐλλείψεως
1192 961 1204 974 ·
1235 932 1270 1013 ἦ
1295 940 1399 1019 γάρ
1427 961 1527 999 που
1556 935 1851 1015 μετρητικὴ
1882 935 2006 1016 περὶ
2021 935 2179 998 πάντ’
2204 938 2318 996 ἐστι
2339 943 2531 1000 ταῦτα.
2570 939 2751 997 Polie.

777 1052 891 1121 545
925 1051 983 1111 b.
1019 1074 1075 1119 c,
1102 1052 1177 1111 cf.
1208 1052 1323 1120 546
1347 1050 1409 1111 d.
1441 1049 1532 1110 καὶ
1552 1048 1631 1118 τίς
1654 1048 1791 1121 ἄλλη
1819 1046 2007 1117 ἀναξία
2038 1048 2199 1128 ἡδονῇ
2230 1047 2362 1130 πρὸς
2381 1048 2555 1123 λύπην
2586 1049 2750 1126 ἐστίν,

775 1168 901 1227 ἀλλ’
938 1166 974 1239 ἢ
995 1166 1263 1247 ὑπερὸολὴ
1297 1166 1541 1239 ἀλλήλων
1570 1165 1661 1224 καὶ
1679 1165 1909 1243 ἔλλειψις
1924 1187 1943 1238 3
1968 1168 2138 1224 ταῦτα
2168 1163 2217 1222 δ’
2248 1164 2365 1224 ἐστὶ
2390 1164 2553 1249 μείζω
2576 1189 2633 1226 τε
2653 1167 2747 1226 καὶ

774 1277 1177 1358 σμικρότερα...
1227 1277 1317 1337 καὶ
1348 1279 1551 1354 μᾶλλον
1577 1273 1669 1335 καὶ
1691 1265 1870 1345 ἧττον.
1903 1275 2147 1354 Protag.
2190 1283 2299 1346 ²47
2349 1295 2416 1357 ar
2438 1277 2734 1354 ὓπερὸολῆς

770 1413 828 1448 τε
857 1390 949 1453 καὶ
975 1389 1174 1459 ἐνδείας
1195 1390 1338 1450 ἐστίν
1359 1396 1393 1463 ἡ
1428 1390 1612 1470 τέχνη.
1652 1385 1797 1450 lbid.
1833 1395 1966 1460 247·
1996 1408 2048 1446 e.
2084 1386 2257 1466 φαμὲν
2297 1389 2352 1446 δ’
2382 1379 2519 1449 εἶναί
2558 1414 2658 1450 που
2686 1393 2748 1452 τὸ

766 1508 857 1563 νῦν
885 1504 1270 1582 ὀνομαζόμενον
1291 1501 1592 1584 ἁμάρτημα
1618 1500 1716 1575 τὴν
1748 1500 2071 1570 πλεονεξίαν.
2109 1502 2201 1561 De
2238 1503 2383 1583 Leg.
2415 1506 2652 1582 X3959.
2676 1528 2738 1567 a.

766 1619 1033 1701 τεττάρων
1075 1619 1177 1700 γὰρ
1206 1619 1371 1681 ὄντων
1411 1620 1577 1697 γενῶν
1605 1616 1660 1689 ἐξ
1691 1607 1765 1677 ὧν
1812 1618 2131 1697 συμπέπηγε
2169 1616 2230 1676 τὸ
2268 1622 2502 1697 σῶμα...
2541 1618 2744 1683 τούτων

766 1739 915 1818 παρὰ
937 1737 1033 1810 τὴν
1062 1738 1222 1818 φύσιν
1243 1735 1520 1806 πλεονεξία
1546 1736 1640 1797 καὶ
1667 1734 1885 1797 ἔνδεια..
1919 1734 2130 1804 στασεὶς
2160 1735 2252 1796 καὶ
2289 1737 2472 1805 νόσους
2491 1740 2756 1820 παρέχη,

772 1852 821 1915 T
818 1857 973 1915 imoe.
1007 1854 1178 1913 1081.
1205 1852 1266 1911 d.
1297 1852 1567 1911 Profecto
1595 1851 1656 1908 in
1685 1850 1776 1909 his
1806 1847 2080 1909 omnibus
2104 1869 2371 1911 excessus
2390 1871 2456 1910 ac
2479 1851 2742 1914 defectus

768 1968 984 2028 nullam
1012 1967 1183 2034 aliam
1224 1965 1300 2023 ad
1324 1984 1446 2024 rem
1475 1965 1791 2043 pertinent,
1821 1984 1996 2042 quam
2017 1964 2089 2023 ad
2123 1964 2438 2043 infinitum,
2464 1966 2553 2027 vel
2587 1967 2737 2027 inae-

764 2080 994 2157 qualem
1023 2076 1230 2155 Dyada
1253 2054 1371 2152 (τῆς
1397 2080 1489 2134 τοῦ
1507 2074 1689 2136 ἀνίσου
1716 2076 1918 2142 δυάδος.
1948 2074 2097 2139 Met.
2128 2082 2290 2151 XIV,
2323 2100 2376 2154 1,
2409 2100 2466 2156 ρ.
2494 2082 2660 2154 970),
2679 2091 2742 2138 et

764 2193 914 2253 mala
936 2211 1070 2270 quae
1094 2210 1168 2249 ex
1189 2210 1259 2250 ea
1277 2189 1603 2269 profluunt.
1634 2193 1826 2265 Quare
1847 2189 1910 2248 id
1937 2164 2174 2271 propria
2201 2192 2509 2251 existentia
2528 2211 2732 2251 carens

762 2305 1115 2386 principium
1143 2322 1543 2385 saepenumero
1581 2303 1763 2363 verbo
1790 2317 2051 2379 notatur,
2079 2305 2240 2384 quod
2262 2305 2389 2384 ejus
2417 2307 2724 2365 essentiam

761 2421 820 2481 in
869 2418 1147 2480 relatione
1185 2429 1450 2478 constare
1492 2416 1628 2477 satis
1671 2417 1876 2496 arguit.
1925 2417 2149 2478 Scilicet
2177 2419 2539 2497 Aristoteles,
2579 2430 2645 2479 ut
2673 2418 2734 2476 id

759 2533 1041 2612 designet,
1060 2534 1164 2593 has
1184 2551 1356 2592 voces
1381 2530 1697 2612 inoequale,
1727 2530 2000 2604 alterum,
2031 2532 2226 2609 aliud,
2252 2533 2489 2600 alternis
2516 2532 2737 2594 vicibus

761 2659 1005 2725 usurpat
1032 2667 1045 2702 ι
1078 2648 1127 2705 οἱ
1150 2644 1204 2704 δὲ
1240 2644 1299 2704 τὸ
1320 2643 1498 2724 ἕτερον
1536 2642 1627 2703 καὶ
1655 2641 1716 2702 τὸ
1743 2642 1875 2704 ἄλλο
1900 2641 2033 2723 πρὸς
2058 2643 2120 2704 τὸ
2137 2643 2191 2704 ἓν
2225 2646 2645 2706 ἀντιτιθέασιν...
2673 2647 2735 2705 τὸ

757 2761 811 2817 δ’
840 2759 1043 2829 ἄνισον,
1073 2763 1150 2840 τῷ
1174 2758 1273 2842 ἴσῳ
1296 2759 1580 2842 (ἐναντίον)
1604 2805 1621 2835 ,
1643 2760 1736 2820 καὶ
1759 2759 1818 2822 τὸ
1843 2758 2020 2839 ἕτερον
2037 2803 2056 2833 ,
2080 2765 2156 2843 τῷ
2177 2764 2375 2843 ταύτῷ.
2409 2764 2550 2822 Met.
2573 2767 2731 2833 XIV,

761 2878 818 2944 1,
846 2893 908 2952 p.
947 2893 1085 2948 971.
1135 2845 1281 2932 Turn
1312 2872 1471 2952 apud
1516 2873 1819 2932 Platonem
1845 2871 1999 2930 idem
2029 2872 2232 2931 eadem
2277 2874 2518 2933 nomina
2543 2875 2729 2954 gerit:

754 2989 849 3056 τῆς
865 3008 923 3045 τε
949 2977 1143 3045 ταύτοῦ
1170 2983 1374 3064 φύσεως
1411 2976 1477 3045 αῧ
1498 2984 1624 3064 πέρι
1647 2983 1739 3045 καὶ
1768 2987 1865 3056 τῆς
1890 2990 1983 3045 τοῦ
2011 2985 2211 3065 ἐτέρου.
2250 2988 2301 3046 Τ
2298 2992 2454 3049 ἰηιιε.
2491 2977 2641 3048 1650
2657 3009 2714 3048 a.

760 3100 857 3175 τὴν
883 3099 987 3182 γὰρ
1009 3101 1230 3183 θατέρου
1264 3101 1415 3181 φύσιν
1442 3100 1811 3170 ἀποδείξαντες
1839 3091 1999 3162 οῧσᾶν
2024 3126 2081 3162 τε
2105 3102 2197 3162 καὶ
2232 3125 2732 3185 κατακεκερματισ-

758 3219 922 3298 μένην
958 3220 1046 3283 ἐπὶ
1072 3207 1324 3284 πάντα...
1356 3222 1533 3301 Soph.
1576 3224 1686 3280 180
1709 3222 1779 3282 f..
1811 3222 1879 3282 τὰ
1908 3222 2123 3282 ἐναντία
2148 3225 2325 3284 πάντα
2347 3224 2599 3297 (infinito
2623 3227 2730 3284 sci·

755 3334 889 3392 licet
925 3347 984 3392 et
1023 3334 1236 3405 infiniti
1278 3332 1609 3413 generibus)
1656 3332 1942 3413 δεχόμενα,
1990 3339 2199 3415 πρῶτον
2241 3337 2336 3415 μὲν
2380 3333 2441 3393 τὸ
2479 3331 2592 3392 ἴσον
2634 3335 2730 3395 καὶ

754 3448 1047 3521 ἰσότητα...
1091 3447 1255 3508 Phil.
1305 3451 1439 3524 379.
1466 3446 1528 3505 b.
1558 3470 1576 3519 3
1625 3466 1702 3505 ex
1744 3467 1864 3525 quo
1907 3447 2198 3508 infinitum
2243 3448 2527 3526 inaequale
2577 3469 2723 3522 esse,

756 3583 935 3640 quum
958 3564 1166 3642 aequali
1192 3564 1273 3622 sit
1300 3565 1684 3634 contrarium,
1709 3563 2066 3640 intelligitur.
2094 3569 2224 3623 Huc
2245 3583 2482 3641 quoque
2501 3577 2727 3622 succur-

753 3675 827 3731 rit
854 3673 996 3730 illud
1011 3673 1311 3748 Theaeteti,
1337 3671 1494 3750 quod
1512 3672 1706 3751 magni
1726 3692 1863 3732 sane
1884 3674 2161 3754 ponderis
2179 3688 2265 3734 est
2290 3695 2303 3732 ε
2324 3673 2529 3735 Οὐσίαν
2557 3672 2726 3752 λέγεις

750 3785 840 3844 καὶ
870 3783 929 3844 τὸ
962 3782 1039 3862 μὴ
1078 3773 1232 3859 εἶναι,
1257 3783 1349 3845 καὶ
1377 3785 1669 3864 ὁμοιότητα
1707 3785 1799 3846 καὶ
1826 3785 2204 3865 ἀνομοιότητα,
2246 3786 2337 3848 καὶ
2362 3786 2424 3847 τὸ
2443 3784 2631 3846 ταυτόν
2666 3806 2726 3841 τε

749 3898 840 3955 καὶ
882 3895 941 3956 τὸ
980 3894 1158 3977 ἕτερον
1185 3945 1203 3975 ‚
1245 3895 1323 3957 ἔτι
1366 3898 1420 3957 δὲ
1458 3896 1512 3957 ἕν
1555 3923 1612 3958 τε
1653 3896 1862 3958 καὶτὸν
1889 3898 2048 3957 ἄλλον
2094 3899 2316 3977 ἀριθμὸν
2362 3896 2483 3977 περὶ
2525 3896 2721 3956 αὐτῶν.

765 4012 987 4070 Theaee.
1023 4013 1151 4073 135.
1184 4013 1241 4070 d.
