<?xml version="1.0" encoding="UTF-8"?>
<!DOCTYPE html PUBLIC "-//W3C//DTD XHTML 1.0 Transitional//EN"
    "http://www.w3.org/TR/xhtml1/DTD/xhtml1-transitional.dtd">
<html xmlns="http://www.w3.org/1999/xhtml" xml:lang="en" lang="en">
 <head>
  <title>
</title>
<meta http-equiv="Content-Type" content="text/html;charset=utf-8" />
  <meta name='ocr-system' content='tesseract 3.04.00' />
  <meta name='ocr-capabilities' content='ocr_page ocr_carea ocr_par ocr_line ocrx_word'/>
</head>
<body>
  <div class='ocr_page' id='page_1' title='image "ansitplatonisde00lorqgoog_0031.png"; bbox 0 0 3094 4963; ppageno 0'>
   <div class='ocr_carea' id='block_1_1' title="bbox 1411 433 1493 497">
    <p class='ocr_par' dir='ltr' id='par_1_1' title="bbox 1411 433 1493 497">
     <span class='ocr_line' id='line_1_1' title="bbox 1411 433 1493 497; baseline 0 -8"><span class='ocrx_word' id='word_1_1' title='bbox 1411 433 1493 497; x_wconf 69' lang='lat'>23</span> 
     </span>
    </p>
   </div>
   <div class='ocr_carea' id='block_1_2' title="bbox 463 555 2442 982">
    <p class='ocr_par' dir='ltr' id='par_1_2' title="bbox 463 555 2442 982">
     <span class='ocr_line' id='line_1_2' title="bbox 463 555 2442 640; baseline 0.001 -23"><span class='ocrx_word' id='word_1_2' title='bbox 463 555 586 636; x_wconf 82' lang='lat' dir='ltr'>jam</span> <span class='ocrx_word' id='word_1_3' title='bbox 617 557 804 637; x_wconf 80' lang='lat' dir='ltr'>qualis</span> <span class='ocrx_word' id='word_1_4' title='bbox 830 556 1202 640; x_wconf 76' lang='lat' dir='ltr'>intelligenda</span> <span class='ocrx_word' id='word_1_5' title='bbox 1237 572 1345 632; x_wconf 89' lang='lat' dir='ltr'>est,</span> <span class='ocrx_word' id='word_1_6' title='bbox 1366 572 1424 616; x_wconf 86' lang='lat' dir='ltr'>et</span> <span class='ocrx_word' id='word_1_7' title='bbox 1450 580 1572 637; x_wconf 89' lang='lat' dir='ltr'>quo</span> <span class='ocrx_word' id='word_1_8' title='bbox 1599 573 1769 639; x_wconf 82' lang='lat' dir='ltr'>pacto</span> <span class='ocrx_word' id='word_1_9' title='bbox 1789 560 2168 627; x_wconf 84' lang='lat' dir='ltr'>describenda</span> <span class='ocrx_word' id='word_1_10' title='bbox 2198 582 2264 621; x_wconf 85' lang='lat' dir='ltr'>ac</span> <span class='ocrx_word' id='word_1_11' title='bbox 2306 562 2442 620; x_wconf 84' lang='lat' dir='ltr'>defi-</span> 
     </span>
     <span class='ocr_line' id='line_1_3' title="bbox 471 659 2423 756; baseline 0 -23"><span class='ocrx_word' id='word_1_12' title='bbox 471 674 726 735; x_wconf 77' lang='lat' dir='ltr'>nienda?</span> <span class='ocrx_word' id='word_1_13' title='bbox 749 674 856 733; x_wconf 71' lang='lat' dir='ltr'>Ina</span> <span class='ocrx_word' id='word_1_14' title='bbox 882 670 1145 751; x_wconf 87' lang='lat' dir='ltr'>quidem,</span> <span class='ocrx_word' id='word_1_15' title='bbox 1180 686 1247 731; x_wconf 85' lang='lat' dir='ltr'>ut</span> <span class='ocrx_word' id='word_1_16' title='bbox 1272 673 1580 752; x_wconf 84' lang='lat' dir='ltr'>proprium</span> <span class='ocrx_word' id='word_1_17' title='bbox 1608 675 1798 752; x_wconf 75' lang='lat' dir='ltr'>Lycaei</span> <span class='ocrx_word' id='word_1_18' title='bbox 1825 694 2150 734; x_wconf 81' lang='lat' dir='ltr'>sermonem</span> <span class='ocrx_word' id='word_1_19' title='bbox 2183 659 2423 756; x_wconf 81' lang='lat' dir='ltr'>usurpe-</span> 
     </span>
     <span class='ocr_line' id='line_1_4' title="bbox 470 789 2442 869; baseline 0.001 -22"><span class='ocrx_word' id='word_1_20' title='bbox 470 809 624 862; x_wconf 83' lang='lat' dir='ltr'>mus,</span> <span class='ocrx_word' id='word_1_21' title='bbox 653 809 773 848; x_wconf 77' lang='lat' dir='ltr'>non</span> <span class='ocrx_word' id='word_1_22' title='bbox 803 801 890 849; x_wconf 84' lang='lat' dir='ltr'>est</span> <span class='ocrx_word' id='word_1_23' title='bbox 912 807 1018 851; x_wconf 73' lang='lat' dir='ltr'>ens</span> <span class='ocrx_word' id='word_1_24' title='bbox 1042 789 1103 847; x_wconf 89' lang='lat' dir='ltr'>in</span> <span class='ocrx_word' id='word_1_25' title='bbox 1134 802 1306 861; x_wconf 76' lang='lat' dir='ltr'>actu3</span> <span class='ocrx_word' id='word_1_26' title='bbox 1334 789 1384 849; x_wconf 87' lang='lat' dir='ltr'>si</span> <span class='ocrx_word' id='word_1_27' title='bbox 1402 789 1580 867; x_wconf 83' lang='lat' dir='ltr'>igitur</span> <span class='ocrx_word' id='word_1_28' title='bbox 1605 810 1716 869; x_wconf 84' lang='lat' dir='ltr'>pro</span> <span class='ocrx_word' id='word_1_29' title='bbox 1741 811 1877 853; x_wconf 85' lang='lat' dir='ltr'>vera</span> <span class='ocrx_word' id='word_1_30' title='bbox 1898 793 2139 851; x_wconf 83' lang='lat' dir='ltr'>materia</span> <span class='ocrx_word' id='word_1_31' title='bbox 2165 789 2442 850; x_wconf 81' lang='lat' dir='ltr'>sumenda</span> 
     </span>
     <span class='ocr_line' id='line_1_5' title="bbox 466 901 2436 982; baseline 0.001 -22"><span class='ocrx_word' id='word_1_32' title='bbox 466 902 564 978; x_wconf 81' lang='lat' dir='ltr'>sit,</span> <span class='ocrx_word' id='word_1_33' title='bbox 580 922 652 960; x_wconf 77' lang='lat' dir='ltr'>ac</span> <span class='ocrx_word' id='word_1_34' title='bbox 679 921 877 963; x_wconf 81' lang='lat' dir='ltr'>revera</span> <span class='ocrx_word' id='word_1_35' title='bbox 898 901 1122 975; x_wconf 72' lang='lat' dir='ltr'>existat,</span> <span class='ocrx_word' id='word_1_36' title='bbox 1151 902 1263 960; x_wconf 85' lang='lat' dir='ltr'>hoc</span> <span class='ocrx_word' id='word_1_37' title='bbox 1284 922 1468 962; x_wconf 86' lang='lat' dir='ltr'>unum</span> <span class='ocrx_word' id='word_1_38' title='bbox 1498 903 1787 982; x_wconf 84' lang='lat' dir='ltr'>reliquum</span> <span class='ocrx_word' id='word_1_39' title='bbox 1814 916 1988 963; x_wconf 83' lang='lat' dir='ltr'>estut</span> <span class='ocrx_word' id='word_1_40' title='bbox 2012 905 2088 963; x_wconf 87' lang='lat' dir='ltr'>sit</span> <span class='ocrx_word' id='word_1_41' title='bbox 2111 923 2214 963; x_wconf 87' lang='lat' dir='ltr'>ens</span> <span class='ocrx_word' id='word_1_42' title='bbox 2231 904 2295 961; x_wconf 93' lang='lat' dir='ltr'>in</span> <span class='ocrx_word' id='word_1_43' title='bbox 2323 924 2436 982; x_wconf 90' lang='lat' dir='ltr'>po-</span> 
     </span>
    </p>
   </div>
   <div class='ocr_carea' id='block_1_3' title="bbox 470 1013 2532 1096">
    <p class='ocr_par' dir='ltr' id='par_1_3' title="bbox 470 1013 2532 1096">
     <span class='ocr_line' id='line_1_6' title="bbox 470 1013 2532 1096; baseline 0 -23"><span class='ocrx_word' id='word_1_44' title='bbox 470 1018 668 1073; x_wconf 77' lang='lat' dir='ltr'>tentia.</span> <span class='ocrx_word' id='word_1_45' title='bbox 698 1014 812 1075; x_wconf 78' lang='lat' dir='ltr'>Sed</span> <span class='ocrx_word' id='word_1_46' title='bbox 835 1013 979 1072; x_wconf 87' lang='lat' dir='ltr'>illud</span> <span class='ocrx_word' id='word_1_47' title='bbox 999 1033 1102 1073; x_wconf 86' lang='lat' dir='ltr'>ens</span> <span class='ocrx_word' id='word_1_48' title='bbox 1121 1014 1183 1071; x_wconf 89' lang='lat' dir='ltr'>in</span> <span class='ocrx_word' id='word_1_49' title='bbox 1206 1016 1466 1093; x_wconf 80' lang='lat' dir='ltr'>potentia</span> <span class='ocrx_word' id='word_1_50' title='bbox 1493 1016 1796 1094; x_wconf 84' lang='lat' dir='ltr'>proprium</span> <span class='ocrx_word' id='word_1_51' title='bbox 1820 1036 1887 1074; x_wconf 85' lang='lat' dir='ltr'>ac</span> <span class='ocrx_word' id='word_1_52' title='bbox 1911 1016 2201 1094; x_wconf 82' lang='lat' dir='ltr'>peculiare</span> <span class='ocrx_word' id='word_1_53' title='bbox 2221 1016 2433 1074; x_wconf 87' lang='lat' dir='ltr'>Aristo-</span> <span class='ocrx_word' id='word_1_54' title='bbox 2525 1091 2532 1096; x_wconf 31' lang='grc'>·</span> 
     </span>
    </p>
   </div>
   <div class='ocr_carea' id='block_1_4' title="bbox 436 1126 2502 2452">
    <p class='ocr_par' dir='ltr' id='par_1_4' title="bbox 436 1126 2502 2452">
     <span class='ocr_line' id='line_1_7' title="bbox 467 1126 2433 1204; baseline 0.001 -21"><span class='ocrx_word' id='word_1_55' title='bbox 467 1127 593 1186; x_wconf 88' lang='lat' dir='ltr'>telis</span> <span class='ocrx_word' id='word_1_56' title='bbox 631 1127 841 1204; x_wconf 81' lang='lat' dir='ltr'><strong>dogma</strong></span> <span class='ocrx_word' id='word_1_57' title='bbox 888 1139 996 1199; x_wconf 87' lang='lat' dir='ltr'>est,</span> <span class='ocrx_word' id='word_1_58' title='bbox 1026 1145 1217 1203; x_wconf 87' lang='lat' dir='ltr'>neque</span> <span class='ocrx_word' id='word_1_59' title='bbox 1254 1126 1330 1185; x_wconf 83' lang='lat' dir='ltr'>ab</span> <span class='ocrx_word' id='word_1_60' title='bbox 1379 1147 1451 1186; x_wconf 90' lang='lat' dir='ltr'>eo</span> <span class='ocrx_word' id='word_1_61' title='bbox 1488 1128 1553 1185; x_wconf 89' lang='lat' dir='ltr'>in</span> <span class='ocrx_word' id='word_1_62' title='bbox 1604 1129 1896 1185; x_wconf 81' lang='lat' dir='ltr'><strong>Platonem</strong></span> <span class='ocrx_word' id='word_1_63' title='bbox 1927 1127 2389 1186; x_wconf 83' lang='lat' dir='ltr'>transferendum</span> <span class='ocrx_word' id='word_1_64' title='bbox 2419 1149 2433 1184; x_wconf 73' lang='grc' dir='ltr'>ε</span> 
     </span>
     <span class='ocr_line' id='line_1_8' title="bbox 464 1230 2433 1319; baseline 0.002 -23"><span class='ocrx_word' id='word_1_65' title='bbox 464 1259 598 1299; x_wconf 84' lang='lat' dir='ltr'>nam</span> <span class='ocrx_word' id='word_1_66' title='bbox 626 1230 675 1298; x_wconf 84' lang='lat' dir='ltr'>si</span> <span class='ocrx_word' id='word_1_67' title='bbox 702 1240 985 1316; x_wconf 81' lang='lat' dir='ltr'>plurimos</span> <span class='ocrx_word' id='word_1_68' title='bbox 1009 1240 1540 1319; x_wconf 78' lang='lat' dir='ltr'>Metaphysicomm</span> <span class='ocrx_word' id='word_1_69' title='bbox 1566 1242 1725 1300; x_wconf 88' lang='lat' dir='ltr'>locos</span> <span class='ocrx_word' id='word_1_70' title='bbox 1745 1253 1802 1300; x_wconf 78' lang='lat' dir='ltr'>et</span> <span class='ocrx_word' id='word_1_71' title='bbox 1831 1241 2113 1318; x_wconf 82' lang='lat' dir='ltr'>quosdam</span> <span class='ocrx_word' id='word_1_72' title='bbox 2150 1242 2433 1319; x_wconf 83' lang='lat' dir='ltr'>Physico-</span> 
     </span>
     <span class='ocr_line' id='line_1_9' title="bbox 463 1352 2441 1439; baseline 0.001 -28"><span class='ocrx_word' id='word_1_73' title='bbox 463 1374 593 1411; x_wconf 83' lang='lat' dir='ltr'>rum</span> <span class='ocrx_word' id='word_1_74' title='bbox 632 1353 804 1413; x_wconf 76' lang='lat' dir='ltr'>adeas</span> <span class='ocrx_word' id='word_1_75' title='bbox 825 1397 845 1424; x_wconf 91' lang='lat'><em>,</em></span> <span class='ocrx_word' id='word_1_76' title='bbox 914 1354 1035 1410; x_wconf 81' lang='lat' dir='ltr'>haec</span> <span class='ocrx_word' id='word_1_77' title='bbox 1078 1373 1236 1415; x_wconf 82' lang='lat' dir='ltr'>mera</span> <span class='ocrx_word' id='word_1_78' title='bbox 1276 1353 1595 1413; x_wconf 81' lang='lat' dir='ltr'>Aristotelis</span> <span class='ocrx_word' id='word_1_79' title='bbox 1640 1352 1906 1411; x_wconf 84' lang='lat' dir='ltr'>doctrina</span> <span class='ocrx_word' id='word_1_80' title='bbox 1932 1353 2139 1411; x_wconf 84' lang='lat' dir='ltr'>merito</span> <span class='ocrx_word' id='word_1_81' title='bbox 2178 1366 2441 1439; x_wconf 76' lang='lat' dir='ltr'>vocetur.</span> 
     </span>
     <span class='ocr_line' id='line_1_10' title="bbox 436 1444 2436 1547; baseline 0 -21"><span class='ocrx_word' id='word_1_82' title='bbox 436 1467 669 1534; x_wconf 82' lang='grc' dir='ltr'>-Πάντες</span> <span class='ocrx_word' id='word_1_83' title='bbox 694 1467 798 1547; x_wconf 80' lang='grc' dir='ltr'>γὰρ</span> <span class='ocrx_word' id='word_1_84' title='bbox 817 1465 870 1534; x_wconf 80' lang='grc' dir='ltr'>ἐξ</span> <span class='ocrx_word' id='word_1_85' title='bbox 886 1466 1139 1526; x_wconf 72' lang='grc' dir='ltr'>Δἐναντίων</span> <span class='ocrx_word' id='word_1_86' title='bbox 1164 1471 1373 1525; x_wconf 81' lang='grc' dir='ltr'>ποιοῦσι</span> <span class='ocrx_word' id='word_1_87' title='bbox 1393 1466 1591 1526; x_wconf 79' lang='grc' dir='ltr'>πάντα·</span> <span class='ocrx_word' id='word_1_88' title='bbox 1611 1444 1742 1525; x_wconf 77' lang='grc' dir='ltr'>οὔτε</span> <span class='ocrx_word' id='word_1_89' title='bbox 1764 1464 1819 1525; x_wconf 87' lang='grc' dir='ltr'>δὲ</span> <span class='ocrx_word' id='word_1_90' title='bbox 1848 1464 1909 1523; x_wconf 84' lang='grc' dir='ltr'>τὸ</span> <span class='ocrx_word' id='word_1_91' title='bbox 1930 1465 2127 1541; x_wconf 78' lang='grc' dir='ltr'>πάντα,</span> <span class='ocrx_word' id='word_1_92' title='bbox 2149 1466 2268 1525; x_wconf 84' lang='grc' dir='ltr'>οὔτε</span> <span class='ocrx_word' id='word_1_93' title='bbox 2294 1466 2356 1524; x_wconf 86' lang='grc' dir='ltr'>τὸ</span> <span class='ocrx_word' id='word_1_94' title='bbox 2383 1467 2436 1534; x_wconf 83' lang='grc' dir='ltr'>ἐξ</span> 
     </span>
     <span class='ocr_line' id='line_1_11' title="bbox 458 1569 2435 1659; baseline -0.002 -20"><span class='ocrx_word' id='word_1_95' title='bbox 458 1579 708 1639; x_wconf 79' lang='grc' dir='ltr'>ἐναντίων</span> <span class='ocrx_word' id='word_1_96' title='bbox 739 1581 982 1659; x_wconf 82' lang='grc' dir='ltr'>ὄρθῶς....</span> <span class='ocrx_word' id='word_1_97' title='bbox 1008 1581 1139 1655; x_wconf 80' lang='grc' dir='ltr'>ἡμῖν</span> <span class='ocrx_word' id='word_1_98' title='bbox 1169 1578 1225 1636; x_wconf 86' lang='grc' dir='ltr'>δὲ</span> <span class='ocrx_word' id='word_1_99' title='bbox 1244 1577 1429 1637; x_wconf 76' lang='grc' dir='ltr'>λύεται</span> <span class='ocrx_word' id='word_1_100' title='bbox 1449 1581 1605 1637; x_wconf 78' lang='grc' dir='ltr'>τοῦτο</span> <span class='ocrx_word' id='word_1_101' title='bbox 1625 1576 1868 1653; x_wconf 75' lang='grc' dir='ltr'>εὐλόγως,</span> <span class='ocrx_word' id='word_1_102' title='bbox 1890 1580 1969 1658; x_wconf 80' lang='grc' dir='ltr'>τῷ</span> <span class='ocrx_word' id='word_1_103' title='bbox 1995 1576 2171 1655; x_wconf 86' lang='grc' dir='ltr'>τρίτον</span> <span class='ocrx_word' id='word_1_104' title='bbox 2203 1577 2256 1637; x_wconf 78' lang='grc' dir='ltr'>τὶ</span> <span class='ocrx_word' id='word_1_105' title='bbox 2284 1569 2435 1636; x_wconf 69' lang='grc' dir='ltr'>εἶναι·</span> 
     </span>
     <span class='ocr_line' id='line_1_12' title="bbox 457 1693 2429 1773; baseline -0.001 -20"><span class='ocrx_word' id='word_1_106' title='bbox 457 1697 610 1754; x_wconf 80' lang='lat' dir='ltr'>Met.</span> <span class='ocrx_word' id='word_1_107' title='bbox 643 1700 781 1764; x_wconf 87' lang='lat' dir='ltr'>XII,</span> <span class='ocrx_word' id='word_1_108' title='bbox 816 1715 906 1771; x_wconf 82' lang='grc' dir='ltr'>ιο,</span> <span class='ocrx_word' id='word_1_109' title='bbox 938 1716 999 1772; x_wconf 88' lang='lat' dir='ltr'>p.</span> <span class='ocrx_word' id='word_1_110' title='bbox 1040 1695 1191 1755; x_wconf 76' lang='lat'><strong>1005</strong></span> <span class='ocrx_word' id='word_1_111' title='bbox 1223 1693 1330 1773; x_wconf 91' lang='grc'>(1·).</span> <span class='ocrx_word' id='word_1_112' title='bbox 1363 1699 1499 1752; x_wconf 82' lang='lat' dir='ltr'>Hoo</span> <span class='ocrx_word' id='word_1_113' title='bbox 1516 1693 1580 1751; x_wconf 86' lang='grc' dir='ltr'>τὸ</span> <span class='ocrx_word' id='word_1_114' title='bbox 1603 1693 1779 1773; x_wconf 86' lang='grc' dir='ltr'>τρίτον</span> <span class='ocrx_word' id='word_1_115' title='bbox 1805 1694 2166 1751; x_wconf 82' lang='lat' dir='ltr'>Aristotelica</span> <span class='ocrx_word' id='word_1_116' title='bbox 2194 1696 2429 1754; x_wconf 84' lang='lat' dir='ltr'>materia</span> 
     </span>
     <span class='ocr_line' id='line_1_13' title="bbox 455 1804 2470 1891; baseline -0.001 -23"><span class='ocrx_word' id='word_1_117' title='bbox 455 1821 562 1880; x_wconf 86' lang='lat' dir='ltr'>est,</span> <span class='ocrx_word' id='word_1_118' title='bbox 578 1828 713 1886; x_wconf 86' lang='lat' dir='ltr'>quae</span> <span class='ocrx_word' id='word_1_119' title='bbox 733 1807 1023 1866; x_wconf 78' lang='lat' dir='ltr'>contraria</span> <span class='ocrx_word' id='word_1_120' title='bbox 1042 1806 1107 1865; x_wconf 89' lang='lat' dir='ltr'>in</span> <span class='ocrx_word' id='word_1_121' title='bbox 1136 1826 1198 1866; x_wconf 86' lang='lat' dir='ltr'>se</span> <span class='ocrx_word' id='word_1_122' title='bbox 1227 1807 1398 1865; x_wconf 89' lang='lat' dir='ltr'>simul</span> <span class='ocrx_word' id='word_1_123' title='bbox 1425 1804 1656 1880; x_wconf 74' lang='lat' dir='ltr'>habeat,</span> <span class='ocrx_word' id='word_1_124' title='bbox 1684 1818 1838 1866; x_wconf 81' lang='lat' dir='ltr'>etex</span> <span class='ocrx_word' id='word_1_125' title='bbox 1859 1825 1919 1864; x_wconf 86' lang='lat' dir='ltr'>se</span> <span class='ocrx_word' id='word_1_126' title='bbox 1944 1806 2195 1866; x_wconf 86' lang='lat' dir='ltr'>vicissim</span> <span class='ocrx_word' id='word_1_127' title='bbox 2215 1827 2431 1891; x_wconf 80' lang='lat' dir='ltr'>expro·</span> <span class='ocrx_word' id='word_1_128' title='bbox 2462 1875 2470 1883; x_wconf 85' lang='lat'><em>.</em></span> 
     </span>
     <span class='ocr_line' id='line_1_14' title="bbox 456 1919 2428 2006; baseline -0.001 -23"><span class='ocrx_word' id='word_1_129' title='bbox 456 1941 614 1983; x_wconf 81' lang='lat' dir='ltr'>mere</span> <span class='ocrx_word' id='word_1_130' title='bbox 630 1934 807 1999; x_wconf 83' lang='lat' dir='ltr'><strong>queat</strong></span> <span class='ocrx_word' id='word_1_131' title='bbox 842 1919 950 1999; x_wconf 81' lang='lat'><em>(2).</em></span> <span class='ocrx_word' id='word_1_132' title='bbox 980 1926 1106 1979; x_wconf 87' lang='lat' dir='ltr'>Hac</span> <span class='ocrx_word' id='word_1_133' title='bbox 1132 1919 1435 2006; x_wconf 85' lang='lat' dir='ltr'>potentiali</span> <span class='ocrx_word' id='word_1_134' title='bbox 1464 1919 1704 1978; x_wconf 81' lang='lat' dir='ltr'>materia</span> <span class='ocrx_word' id='word_1_135' title='bbox 1739 1919 2061 1998; x_wconf 83' lang='lat' dir='ltr'>proposita,</span> <span class='ocrx_word' id='word_1_136' title='bbox 2097 1919 2428 1982; x_wconf 84' lang='lat' dir='ltr'>Aristoteles</span> 
     </span>
     <span class='ocr_line' id='line_1_15' title="bbox 452 2033 2428 2112; baseline 0 -19"><span class='ocrx_word' id='word_1_137' title='bbox 452 2036 540 2103; x_wconf 82' lang='lat' dir='ltr'>his</span> <span class='ocrx_word' id='word_1_138' title='bbox 572 2033 1041 2110; x_wconf 82' lang='lat' dir='ltr'>difficultatibus,</span> <span class='ocrx_word' id='word_1_139' title='bbox 1071 2054 1202 2111; x_wconf 84' lang='lat' dir='ltr'>quae</span> <span class='ocrx_word' id='word_1_140' title='bbox 1227 2034 1301 2093; x_wconf 89' lang='lat' dir='ltr'>de</span> <span class='ocrx_word' id='word_1_141' title='bbox 1320 2033 1658 2093; x_wconf 87' lang='lat' dir='ltr'>definitione</span> <span class='ocrx_word' id='word_1_142' title='bbox 1684 2047 1742 2091; x_wconf 84' lang='lat' dir='ltr'>et</span> <span class='ocrx_word' id='word_1_143' title='bbox 1768 2033 2223 2112; x_wconf 84' lang='lat' dir='ltr'>uniuscujusque</span> <span class='ocrx_word' id='word_1_144' title='bbox 2277 2035 2428 2093; x_wconf 88' lang='lat' dir='ltr'>entis</span> 
     </span>
     <span class='ocr_line' id='line_1_16' title="bbox 447 2134 2421 2227; baseline 0.002 -23"><span class='ocrx_word' id='word_1_145' title='bbox 447 2149 670 2205; x_wconf 83' lang='lat' dir='ltr'>unitate</span> <span class='ocrx_word' id='word_1_146' title='bbox 694 2146 1063 2219; x_wconf 81' lang='lat' dir='ltr'>exoriuntur,</span> <span class='ocrx_word' id='word_1_147' title='bbox 1091 2146 1399 2226; x_wconf 81' lang='lat' dir='ltr'>expeditur</span> <span class='ocrx_word' id='word_1_148' title='bbox 1423 2146 1820 2224; x_wconf 84' lang='lat' dir='ltr'>liberaturque</span> <span class='ocrx_word' id='word_1_149' title='bbox 1841 2134 1870 2202; x_wconf 58' lang='grc' dir='ltr'>τ’</span> <span class='ocrx_word' id='word_1_150' title='bbox 1889 2151 1934 2206; x_wconf 86' lang='grc' dir='ltr'>εἷ</span> <span class='ocrx_word' id='word_1_151' title='bbox 1959 2147 2017 2206; x_wconf 83' lang='grc' dir='ltr'>δέ</span> <span class='ocrx_word' id='word_1_152' title='bbox 2041 2149 2205 2220; x_wconf 81' lang='grc' dir='ltr'>ἔστιν,</span> <span class='ocrx_word' id='word_1_153' title='bbox 2237 2146 2421 2227; x_wconf 78' lang='grc' dir='ltr'>ὥσπερ</span> 
     </span>
     <span class='ocr_line' id='line_1_17' title="bbox 440 2259 2418 2342; baseline -0.001 -23"><span class='ocrx_word' id='word_1_154' title='bbox 440 2261 707 2339; x_wconf 83' lang='grc' dir='ltr'>λέγομεν..</span> <span class='ocrx_word' id='word_1_155' title='bbox 736 2260 798 2320; x_wconf 79' lang='grc' dir='ltr'>τὸ</span> <span class='ocrx_word' id='word_1_156' title='bbox 820 2259 914 2337; x_wconf 82' lang='grc' dir='ltr'>μὲν</span> <span class='ocrx_word' id='word_1_157' title='bbox 938 2259 1159 2336; x_wconf 80' lang='grc' dir='ltr'>δυνάμει</span> <span class='ocrx_word' id='word_1_158' title='bbox 1180 2260 1243 2319; x_wconf 83' lang='grc' dir='ltr'>τὸ</span> <span class='ocrx_word' id='word_1_159' title='bbox 1264 2259 1313 2318; x_wconf 84' lang='grc' dir='ltr'>δ’</span> <span class='ocrx_word' id='word_1_160' title='bbox 1343 2260 1605 2342; x_wconf 72' lang='grc' dir='ltr'>ἐνεργείᾳ,</span> <span class='ocrx_word' id='word_1_161' title='bbox 1631 2263 1727 2318; x_wconf 78' lang='grc' dir='ltr'>οὐκ</span> <span class='ocrx_word' id='word_1_162' title='bbox 1748 2259 1828 2318; x_wconf 83' lang='grc' dir='ltr'>ἔτι</span> <span class='ocrx_word' id='word_1_163' title='bbox 1850 2260 2066 2342; x_wconf 79' lang='grc' dir='ltr'>ἀπορία.</span> <span class='ocrx_word' id='word_1_164' title='bbox 2086 2264 2231 2319; x_wconf 84' lang='lat' dir='ltr'>Met.</span> <span class='ocrx_word' id='word_1_165' title='bbox 2260 2263 2418 2319; x_wconf 90' lang='lat' dir='ltr'><strong>VIII.</strong></span> 
     </span>
     <span class='ocr_line' id='line_1_18' title="bbox 444 2354 2502 2452; baseline -0.001 -20"><span class='ocrx_word' id='word_1_166' title='bbox 444 2396 506 2452; x_wconf 88' lang='lat' dir='ltr'>p.</span> <span class='ocrx_word' id='word_1_167' title='bbox 538 2374 681 2450; x_wconf 80' lang='lat'>931.</span> <span class='ocrx_word' id='word_1_168' title='bbox 722 2371 832 2432; x_wconf 87' lang='lat' dir='ltr'>Sed</span> <span class='ocrx_word' id='word_1_169' title='bbox 861 2356 926 2429; x_wconf 89' lang='lat' dir='ltr'>in</span> <span class='ocrx_word' id='word_1_170' title='bbox 965 2372 1171 2449; x_wconf 79' lang='lat' dir='ltr'>Dyade</span> <span class='ocrx_word' id='word_1_171' title='bbox 1194 2372 1338 2430; x_wconf 90' lang='lat' dir='ltr'>nihil</span> <span class='ocrx_word' id='word_1_172' title='bbox 1372 2372 1689 2433; x_wconf 82' lang='lat' dir='ltr'>admodum</span> <span class='ocrx_word' id='word_1_173' title='bbox 1715 2373 1901 2433; x_wconf 87' lang='lat' dir='ltr'>simile</span> <span class='ocrx_word' id='word_1_174' title='bbox 1927 2385 2048 2444; x_wconf 80' lang='lat' dir='ltr'>est3</span> <span class='ocrx_word' id='word_1_175' title='bbox 2073 2373 2134 2429; x_wconf 91' lang='lat' dir='ltr'>in</span> <span class='ocrx_word' id='word_1_176' title='bbox 2165 2392 2234 2430; x_wconf 84' lang='lat' dir='ltr'>ea</span> <span class='ocrx_word' id='word_1_177' title='bbox 2261 2375 2421 2430; x_wconf 81' lang='lat' dir='ltr'>nulla</span> <span class='ocrx_word' id='word_1_178' title='bbox 2495 2354 2502 2365; x_wconf 37' lang='lat'>¹</span> 
     </span>
    </p>
   </div>
   <div class='ocr_carea' id='block_1_5' title="bbox 438 2487 2416 2667">
    <p class='ocr_par' dir='ltr' id='par_1_5' title="bbox 438 2487 2416 2667">
     <span class='ocr_line' id='line_1_19' title="bbox 438 2487 2416 2567; baseline 0.001 -24"><span class='ocrx_word' id='word_1_179' title='bbox 438 2501 529 2544; x_wconf 86' lang='lat' dir='ltr'>est</span> <span class='ocrx_word' id='word_1_180' title='bbox 552 2508 747 2547; x_wconf 88' lang='lat' dir='ltr'>rerum</span> <span class='ocrx_word' id='word_1_181' title='bbox 768 2488 1054 2563; x_wconf 86' lang='lat' dir='ltr'>essentia;</span> <span class='ocrx_word' id='word_1_182' title='bbox 1081 2489 1318 2547; x_wconf 83' lang='lat' dir='ltr'>inillam</span> <span class='ocrx_word' id='word_1_183' title='bbox 1337 2490 1714 2560; x_wconf 81' lang='lat' dir='ltr'>extrinsecus,</span> <span class='ocrx_word' id='word_1_184' title='bbox 1733 2489 1824 2547; x_wconf 85' lang='lat' dir='ltr'>vel</span> <span class='ocrx_word' id='word_1_185' title='bbox 1854 2508 1963 2565; x_wconf 87' lang='lat' dir='ltr'>per</span> <span class='ocrx_word' id='word_1_186' title='bbox 1978 2487 2162 2561; x_wconf 83' lang='lat' dir='ltr'>ideas,</span> <span class='ocrx_word' id='word_1_187' title='bbox 2195 2489 2289 2547; x_wconf 83' lang='lat' dir='ltr'>vel</span> <span class='ocrx_word' id='word_1_188' title='bbox 2318 2507 2416 2567; x_wconf 77' lang='lat' dir='ltr'>pei</span> 
     </span>
     <span class='ocr_line' id='line_1_20' title="bbox 440 2583 2414 2667; baseline -0.001 -16"><span class='ocrx_word' id='word_1_189' title='bbox 440 2614 648 2667; x_wconf 86' lang='lat' dir='ltr'>unum,</span> <span class='ocrx_word' id='word_1_190' title='bbox 697 2594 897 2652; x_wconf 83' lang='lat' dir='ltr'>formae</span> <span class='ocrx_word' id='word_1_191' title='bbox 929 2593 1256 2651; x_wconf 79' lang='lat' dir='ltr'>afferuntur</span> <span class='ocrx_word' id='word_1_192' title='bbox 1277 2637 1294 2667; x_wconf 90' lang='lat'>‚</span> <span class='ocrx_word' id='word_1_193' title='bbox 1334 2594 1551 2652; x_wconf 89' lang='lat' dir='ltr'>nedum</span> <span class='ocrx_word' id='word_1_194' title='bbox 1576 2614 1649 2651; x_wconf 85' lang='lat' dir='ltr'>ex</span> <span class='ocrx_word' id='word_1_195' title='bbox 1692 2613 1762 2652; x_wconf 85' lang='lat' dir='ltr'>ea</span> <span class='ocrx_word' id='word_1_196' title='bbox 1788 2593 2145 2652; x_wconf 81' lang='lat' dir='ltr'>fundantur:</span> <span class='ocrx_word' id='word_1_197' title='bbox 2179 2593 2239 2652; x_wconf 80' lang='grc' dir='ltr'>τὸ</span> <span class='ocrx_word' id='word_1_198' title='bbox 2268 2592 2320 2651; x_wconf 89' lang='grc' dir='ltr'>τί</span> <span class='ocrx_word' id='word_1_199' title='bbox 2346 2583 2414 2663; x_wconf 71' lang='grc' dir='ltr'>ἦν</span> 
     </span>
    </p>
   </div>
   <div class='ocr_carea' id='block_1_6' title="bbox 430 2698 2414 3123">
    <p class='ocr_par' dir='ltr' id='par_1_6' title="bbox 430 2698 2414 3123">
     <span class='ocr_line' id='line_1_21' title="bbox 440 2698 2414 2787; baseline 0.001 -23"><span class='ocrx_word' id='word_1_200' title='bbox 440 2698 573 2766; x_wconf 73' lang='grc' dir='ltr'>εἶναι</span> <span class='ocrx_word' id='word_1_201' title='bbox 600 2706 810 2786; x_wconf 81' lang='grc' dir='ltr'>ἑκάστῳ</span> <span class='ocrx_word' id='word_1_202' title='bbox 838 2709 945 2765; x_wconf 80' lang='grc' dir='ltr'>τῶν</span> <span class='ocrx_word' id='word_1_203' title='bbox 974 2708 1151 2766; x_wconf 86' lang='grc' dir='ltr'>ἄλλων</span> <span class='ocrx_word' id='word_1_204' title='bbox 1188 2707 1257 2767; x_wconf 81' lang='grc' dir='ltr'>τὰ</span> <span class='ocrx_word' id='word_1_205' title='bbox 1297 2706 1411 2779; x_wconf 81' lang='grc' dir='ltr'>εἴδη</span> <span class='ocrx_word' id='word_1_206' title='bbox 1438 2708 1790 2787; x_wconf 84' lang='grc' dir='ltr'>παρέχονται,</span> <span class='ocrx_word' id='word_1_207' title='bbox 1818 2717 1928 2774; x_wconf 85' lang='grc' dir='ltr'>τοῖς</span> <span class='ocrx_word' id='word_1_208' title='bbox 1955 2710 2000 2766; x_wconf 84' lang='grc' dir='ltr'>δ’</span> <span class='ocrx_word' id='word_1_209' title='bbox 2040 2707 2219 2781; x_wconf 80' lang='grc' dir='ltr'>εἴδεσι,</span> <span class='ocrx_word' id='word_1_210' title='bbox 2243 2708 2303 2765; x_wconf 83' lang='grc' dir='ltr'>τὸ</span> <span class='ocrx_word' id='word_1_211' title='bbox 2333 2707 2414 2766; x_wconf 79' lang='grc' dir='ltr'>ἕν.</span> 
     </span>
     <span class='ocr_line' id='line_1_22' title="bbox 438 2819 2410 2901; baseline -0.001 -21"><span class='ocrx_word' id='word_1_212' title='bbox 438 2824 586 2881; x_wconf 83' lang='lat' dir='ltr'>Met.</span> <span class='ocrx_word' id='word_1_213' title='bbox 611 2826 662 2894; x_wconf 92' lang='lat'>1,</span> <span class='ocrx_word' id='word_1_214' title='bbox 705 2823 768 2894; x_wconf 87' lang='lat'>6,</span> <span class='ocrx_word' id='word_1_215' title='bbox 809 2843 871 2901; x_wconf 90' lang='lat' dir='ltr'>p.</span> <span class='ocrx_word' id='word_1_216' title='bbox 911 2822 1048 2896; x_wconf 72' lang='grc'>849.</span> <span class='ocrx_word' id='word_1_217' title='bbox 1083 2820 1253 2896; x_wconf 88' lang='lat' dir='ltr'>Quod</span> <span class='ocrx_word' id='word_1_218' title='bbox 1279 2819 1327 2879; x_wconf 90' lang='lat' dir='ltr'>si</span> <span class='ocrx_word' id='word_1_219' title='bbox 1356 2820 1429 2878; x_wconf 87' lang='lat' dir='ltr'>de</span> <span class='ocrx_word' id='word_1_220' title='bbox 1455 2821 1569 2877; x_wconf 89' lang='lat' dir='ltr'>hoc</span> <span class='ocrx_word' id='word_1_221' title='bbox 1599 2819 1768 2878; x_wconf 88' lang='lat' dir='ltr'>nobis</span> <span class='ocrx_word' id='word_1_222' title='bbox 1795 2821 2007 2897; x_wconf 84' lang='lat' dir='ltr'>aliquis</span> <span class='ocrx_word' id='word_1_223' title='bbox 2030 2822 2410 2893; x_wconf 84' lang='lat' dir='ltr'>contradicat,</span> 
     </span>
     <span class='ocr_line' id='line_1_23' title="bbox 434 2932 2411 3012; baseline 0.001 -21"><span class='ocrx_word' id='word_1_224' title='bbox 434 2938 624 3012; x_wconf 84' lang='lat' dir='ltr'>ipsum</span> <span class='ocrx_word' id='word_1_225' title='bbox 646 2934 957 2992; x_wconf 84' lang='lat' dir='ltr'>Platonicae</span> <span class='ocrx_word' id='word_1_226' title='bbox 982 2932 1056 2991; x_wconf 94' lang='lat' dir='ltr'>de</span> <span class='ocrx_word' id='word_1_227' title='bbox 1077 2932 1222 2991; x_wconf 86' lang='lat' dir='ltr'>ideis</span> <span class='ocrx_word' id='word_1_228' title='bbox 1242 2933 1524 2992; x_wconf 81' lang='lat' dir='ltr'>doctrinae</span> <span class='ocrx_word' id='word_1_229' title='bbox 1540 2932 1986 3008; x_wconf 80' lang='lat' dir='ltr'>fundamentum</span> <span class='ocrx_word' id='word_1_230' title='bbox 2007 2935 2235 2994; x_wconf 83' lang='lat' dir='ltr'>evellat.</span> <span class='ocrx_word' id='word_1_231' title='bbox 2261 2940 2411 3012; x_wconf 83' lang='lat' dir='ltr'>Ergo</span> 
     </span>
     <span class='ocr_line' id='line_1_24' title="bbox 430 3043 2410 3123; baseline 0.002 -23"><span class='ocrx_word' id='word_1_232' title='bbox 430 3043 559 3117; x_wconf 83' lang='lat' dir='ltr'>jure</span> <span class='ocrx_word' id='word_1_233' title='bbox 587 3043 663 3102; x_wconf 85' lang='lat' dir='ltr'>ad</span> <span class='ocrx_word' id='word_1_234' title='bbox 681 3045 832 3102; x_wconf 83' lang='lat' dir='ltr'>hanc</span> <span class='ocrx_word' id='word_1_235' title='bbox 846 3044 1276 3103; x_wconf 85' lang='lat' dir='ltr'>conclusionem</span> <span class='ocrx_word' id='word_1_236' title='bbox 1300 3044 1590 3117; x_wconf 82' lang='lat' dir='ltr'>ducimur,</span> <span class='ocrx_word' id='word_1_237' title='bbox 1606 3063 1815 3123; x_wconf 87' lang='lat' dir='ltr'>nempe</span> <span class='ocrx_word' id='word_1_238' title='bbox 1832 3045 2191 3103; x_wconf 86' lang='lat' dir='ltr'>inextensam</span> <span class='ocrx_word' id='word_1_239' title='bbox 2206 3046 2410 3123; x_wconf 84' lang='lat' dir='ltr'>Dyada</span> 
     </span>
    </p>
   </div>
   <div class='ocr_carea' id='block_1_7' title="bbox 438 3157 2161 3237">
    <p class='ocr_par' dir='ltr' id='par_1_7' title="bbox 438 3157 2161 3237">
     <span class='ocr_line' id='line_1_25' title="bbox 438 3157 2161 3237; baseline 0.002 -24"><span class='ocrx_word' id='word_1_240' title='bbox 438 3176 544 3214; x_wconf 82' lang='lat' dir='ltr'>nec</span> <span class='ocrx_word' id='word_1_241' title='bbox 571 3157 631 3214; x_wconf 92' lang='lat' dir='ltr'>in</span> <span class='ocrx_word' id='word_1_242' title='bbox 658 3169 791 3214; x_wconf 81' lang='lat' dir='ltr'>actu</span> <span class='ocrx_word' id='word_1_243' title='bbox 814 3157 970 3215; x_wconf 84' lang='lat' dir='ltr'>entia</span> <span class='ocrx_word' id='word_1_244' title='bbox 997 3157 1282 3235; x_wconf 81' lang='lat' dir='ltr'>praebere,</span> <span class='ocrx_word' id='word_1_245' title='bbox 1312 3175 1419 3214; x_wconf 90' lang='lat' dir='ltr'>nec</span> <span class='ocrx_word' id='word_1_246' title='bbox 1449 3158 1507 3214; x_wconf 87' lang='lat' dir='ltr'>in</span> <span class='ocrx_word' id='word_1_247' title='bbox 1541 3158 1803 3234; x_wconf 85' lang='lat' dir='ltr'>potentia</span> <span class='ocrx_word' id='word_1_248' title='bbox 1834 3159 2161 3237; x_wconf 87' lang='lat' dir='ltr'>complecti.</span> 
     </span>
    </p>
   </div>
   <div class='ocr_carea' id='block_1_8' title="bbox 427 3393 2411 3814">
    <p class='ocr_par' dir='ltr' id='par_1_8' title="bbox 427 3393 2411 3733">
     <span class='ocr_line' id='line_1_26' title="bbox 496 3393 2411 3485; baseline 0.006 -26"><span class='ocrx_word' id='word_1_249' title='bbox 496 3411 572 3474; x_wconf 69' lang='lat'>(⁴)</span> <span class='ocrx_word' id='word_1_250' title='bbox 592 3411 675 3462; x_wconf 80' lang='lat' dir='ltr'>Cf.</span> <span class='ocrx_word' id='word_1_251' title='bbox 698 3412 835 3465; x_wconf 77' lang='lat' dir='ltr'>Met.</span> <span class='ocrx_word' id='word_1_252' title='bbox 855 3412 998 3477; x_wconf 79' lang='lat' dir='ltr'><strong>VIII,</strong></span> <span class='ocrx_word' id='word_1_253' title='bbox 1024 3415 1073 3475; x_wconf 82' lang='lat'>6,</span> <span class='ocrx_word' id='word_1_254' title='bbox 1096 3430 1155 3478; x_wconf 85' lang='lat' dir='ltr'>p.</span> <span class='ocrx_word' id='word_1_255' title='bbox 1185 3413 1304 3463; x_wconf 71' lang='lat'><strong>93¹.</strong></span> <span class='ocrx_word' id='word_1_256' title='bbox 1325 3393 1524 3483; x_wconf 55' lang='grc' dir='ltr'>Φανερὲν</span> <span class='ocrx_word' id='word_1_257' title='bbox 1545 3420 1602 3475; x_wconf 82' lang='grc' dir='ltr'>δὴ</span> <span class='ocrx_word' id='word_1_258' title='bbox 1633 3423 1706 3470; x_wconf 71' lang='grc' dir='ltr'>ὅτι</span> <span class='ocrx_word' id='word_1_259' title='bbox 1736 3422 1854 3469; x_wconf 76' lang='grc' dir='ltr'>οὕτω</span> <span class='ocrx_word' id='word_1_260' title='bbox 1876 3424 1965 3484; x_wconf 76' lang='grc' dir='ltr'>μὲν</span> <span class='ocrx_word' id='word_1_261' title='bbox 1996 3426 2292 3485; x_wconf 80' lang='grc' dir='ltr'>μετιοῦσιν...</span> <span class='ocrx_word' id='word_1_262' title='bbox 2329 3428 2411 3473; x_wconf 78' lang='grc' dir='ltr'>οὐκ</span> 
     </span>
     <span class='ocr_line' id='line_1_27' title="bbox 430 3497 2405 3570; baseline 0.007 -28"><span class='ocrx_word' id='word_1_263' title='bbox 430 3497 659 3559; x_wconf 71' lang='grc' dir='ltr'>ἐνδέχεται</span> <span class='ocrx_word' id='word_1_264' title='bbox 679 3498 941 3559; x_wconf 74' lang='grc' dir='ltr'>ἀποδοῦναι,</span> <span class='ocrx_word' id='word_1_265' title='bbox 970 3501 1045 3547; x_wconf 77' lang='grc' dir='ltr'>καὶ</span> <span class='ocrx_word' id='word_1_266' title='bbox 1076 3500 1206 3549; x_wconf 75' lang='grc' dir='ltr'>λῦσαι</span> <span class='ocrx_word' id='word_1_267' title='bbox 1224 3505 1307 3555; x_wconf 77' lang='grc' dir='ltr'>τὴν</span> <span class='ocrx_word' id='word_1_268' title='bbox 1330 3503 1543 3564; x_wconf 73' lang='grc' dir='ltr'>ἀπορίαν.</span> <span class='ocrx_word' id='word_1_269' title='bbox 1566 3505 1621 3550; x_wconf 80' lang='lat' dir='ltr'>El</span> <span class='ocrx_word' id='word_1_270' title='bbox 1655 3501 1703 3549; x_wconf 80' lang='grc' dir='ltr'>δὲ</span> <span class='ocrx_word' id='word_1_271' title='bbox 1726 3506 1877 3564; x_wconf 76' lang='grc' dir='ltr'>ἐστιν,</span> <span class='ocrx_word' id='word_1_272' title='bbox 1915 3505 2070 3570; x_wconf 78' lang='grc' dir='ltr'>ὥσπερ</span> <span class='ocrx_word' id='word_1_273' title='bbox 2106 3505 2315 3568; x_wconf 72' lang='grc' dir='ltr'>λέγομεν,</span> <span class='ocrx_word' id='word_1_274' title='bbox 2350 3511 2405 3555; x_wconf 74' lang='grc' dir='ltr'>τὸ</span> 
     </span>
     <span class='ocr_line' id='line_1_28' title="bbox 427 3580 2404 3655; baseline 0.006 -28"><span class='ocrx_word' id='word_1_275' title='bbox 427 3581 515 3642; x_wconf 72' lang='grc' dir='ltr'>μὲν</span> <span class='ocrx_word' id='word_1_276' title='bbox 536 3581 642 3638; x_wconf 75' lang='grc' dir='ltr'>ὕλη,</span> <span class='ocrx_word' id='word_1_277' title='bbox 666 3585 721 3629; x_wconf 80' lang='grc' dir='ltr'>τὸ</span> <span class='ocrx_word' id='word_1_278' title='bbox 739 3580 787 3628; x_wconf 78' lang='grc' dir='ltr'>δὲ</span> <span class='ocrx_word' id='word_1_279' title='bbox 806 3587 964 3647; x_wconf 66' lang='grc' dir='ltr'>μορφὴ</span> <span class='ocrx_word' id='word_1_280' title='bbox 983 3616 998 3641; x_wconf 93' lang='grc'>,</span> <span class='ocrx_word' id='word_1_281' title='bbox 1037 3586 1113 3631; x_wconf 79' lang='grc' dir='ltr'>καὶ</span> <span class='ocrx_word' id='word_1_282' title='bbox 1137 3586 1192 3632; x_wconf 82' lang='grc' dir='ltr'>τὸ</span> <span class='ocrx_word' id='word_1_283' title='bbox 1213 3585 1302 3646; x_wconf 76' lang='grc' dir='ltr'>μὲν</span> <span class='ocrx_word' id='word_1_284' title='bbox 1335 3584 1550 3646; x_wconf 80' lang='grc' dir='ltr'>δυνάμει,</span> <span class='ocrx_word' id='word_1_285' title='bbox 1585 3589 1642 3634; x_wconf 80' lang='grc' dir='ltr'>τὸ</span> <span class='ocrx_word' id='word_1_286' title='bbox 1678 3586 1728 3635; x_wconf 75' lang='grc' dir='ltr'>δὲ</span> <span class='ocrx_word' id='word_1_287' title='bbox 1751 3589 1970 3651; x_wconf 74' lang='grc' dir='ltr'>ἐνεργείᾳ,</span> <span class='ocrx_word' id='word_1_288' title='bbox 2008 3589 2088 3637; x_wconf 76' lang='grc' dir='ltr'>οὐκ</span> <span class='ocrx_word' id='word_1_289' title='bbox 2125 3591 2196 3640; x_wconf 82' lang='grc' dir='ltr'>ἔτι</span> <span class='ocrx_word' id='word_1_290' title='bbox 2230 3594 2404 3655; x_wconf 74' lang='grc' dir='ltr'>ἀπορία</span> 
     </span>
     <span class='ocr_line' id='line_1_29' title="bbox 427 3662 2167 3733; baseline 0.004 -22"><span class='ocrx_word' id='word_1_291' title='bbox 427 3664 591 3721; x_wconf 67' lang='grc' dir='ltr'>δόξειεν</span> <span class='ocrx_word' id='word_1_292' title='bbox 612 3668 669 3713; x_wconf 72' lang='grc' dir='ltr'>ἂν</span> <span class='ocrx_word' id='word_1_293' title='bbox 686 3663 797 3714; x_wconf 63' lang='grc' dir='ltr'>εἶναι</span> <span class='ocrx_word' id='word_1_294' title='bbox 825 3670 883 3715; x_wconf 81' lang='grc' dir='ltr'>τὸ</span> <span class='ocrx_word' id='word_1_295' title='bbox 902 3666 1195 3728; x_wconf 76' lang='grc' dir='ltr'>ζητούμενον.</span> <span class='ocrx_word' id='word_1_296' title='bbox 1218 3662 1301 3714; x_wconf 88' lang='lat' dir='ltr'>Cf.</span> <span class='ocrx_word' id='word_1_297' title='bbox 1326 3663 1410 3713; x_wconf 81' lang='lat' dir='ltr'>De</span> <span class='ocrx_word' id='word_1_298' title='bbox 1431 3681 1553 3732; x_wconf 77' lang='lat' dir='ltr'>gen.</span> <span class='ocrx_word' id='word_1_299' title='bbox 1578 3675 1628 3714; x_wconf 74' lang='lat' dir='ltr'>et</span> <span class='ocrx_word' id='word_1_300' title='bbox 1650 3683 1779 3716; x_wconf 79' lang='lat' dir='ltr'>corr.</span> <span class='ocrx_word' id='word_1_301' title='bbox 1804 3668 1879 3732; x_wconf 91' lang='lat'>11,</span> <span class='ocrx_word' id='word_1_302' title='bbox 1896 3669 1947 3730; x_wconf 70' lang='grc'>1,</span> <span class='ocrx_word' id='word_1_303' title='bbox 1969 3685 2023 3733; x_wconf 88' lang='lat' dir='ltr'>p.</span> <span class='ocrx_word' id='word_1_304' title='bbox 2043 3668 2167 3718; x_wconf 71' lang='lat'><strong>5⁴4.</strong></span> 
     </span>
    </p>

    <p class='ocr_par' dir='ltr' id='par_1_9' title="bbox 493 3741 2400 3814">
     <span class='ocr_line' id='line_1_30' title="bbox 493 3741 2400 3814; baseline 0.007 -23"><span class='ocrx_word' id='word_1_305' title='bbox 493 3742 572 3811; x_wconf 84' lang='lat'>(2)</span> <span class='ocrx_word' id='word_1_306' title='bbox 586 3741 839 3814; x_wconf 73' lang='grc' dir='ltr'>Ᾱπορήσειε</span> <span class='ocrx_word' id='word_1_307' title='bbox 871 3743 912 3795; x_wconf 68' lang='grc' dir='ltr'>δ’</span> <span class='ocrx_word' id='word_1_308' title='bbox 934 3753 990 3796; x_wconf 78' lang='grc' dir='ltr'>ἄν</span> <span class='ocrx_word' id='word_1_309' title='bbox 1009 3767 1099 3806; x_wconf 81' lang='grc' dir='ltr'>τις,</span> <span class='ocrx_word' id='word_1_310' title='bbox 1123 3751 1173 3795; x_wconf 72' lang='grc' dir='ltr'>ἐκ</span> <span class='ocrx_word' id='word_1_311' title='bbox 1204 3753 1334 3799; x_wconf 79' lang='grc' dir='ltr'>ποίου</span> <span class='ocrx_word' id='word_1_312' title='bbox 1358 3756 1428 3811; x_wconf 81' lang='grc' dir='ltr'>μὴ</span> <span class='ocrx_word' id='word_1_313' title='bbox 1463 3752 1592 3806; x_wconf 79' lang='grc' dir='ltr'>’ὄντος</span> <span class='ocrx_word' id='word_1_314' title='bbox 1612 3755 1642 3807; x_wconf 78' lang='grc' dir='ltr'>ἡ</span> <span class='ocrx_word' id='word_1_315' title='bbox 1660 3754 1886 3814; x_wconf 76' lang='grc' dir='ltr'>γένεσις...</span> <span class='ocrx_word' id='word_1_316' title='bbox 1917 3759 1957 3803; x_wconf 74' lang='grc' dir='ltr'>εἰ</span> <span class='ocrx_word' id='word_1_317' title='bbox 1982 3755 2038 3813; x_wconf 80' lang='grc' dir='ltr'>δὴ</span> <span class='ocrx_word' id='word_1_318' title='bbox 2069 3759 2116 3806; x_wconf 80' lang='grc' dir='ltr'>τί</span> <span class='ocrx_word' id='word_1_319' title='bbox 2148 3760 2245 3806; x_wconf 74' lang='grc' dir='ltr'>ἐστι</span> <span class='ocrx_word' id='word_1_320' title='bbox 2268 3756 2400 3805; x_wconf 77' lang='grc' dir='ltr'>δυνά-</span> 
     </span>
    </p>
   </div>
   <div class='ocr_carea' id='block_1_9' title="bbox 426 3831 2407 3976">
    <p class='ocr_par' dir='ltr' id='par_1_10' title="bbox 426 3831 2407 3976">
     <span class='ocr_line' id='line_1_31' title="bbox 426 3831 2407 3901; baseline 0.006 -25"><span class='ocrx_word' id='word_1_321' title='bbox 426 3847 567 3890; x_wconf 67' lang='grc' dir='ltr'>μει...</span> <span class='ocrx_word' id='word_1_322' title='bbox 593 3831 711 3878; x_wconf 73' lang='grc' dir='ltr'>ὥστε</span> <span class='ocrx_word' id='word_1_323' title='bbox 745 3833 785 3877; x_wconf 79' lang='grc' dir='ltr'>εί</span> <span class='ocrx_word' id='word_1_324' title='bbox 808 3831 893 3884; x_wconf 78' lang='grc' dir='ltr'>ὕλη</span> <span class='ocrx_word' id='word_1_325' title='bbox 923 3833 1029 3891; x_wconf 87' lang='grc' dir='ltr'>μία,</span> <span class='ocrx_word' id='word_1_326' title='bbox 1054 3835 1192 3879; x_wconf 76' lang='grc' dir='ltr'>ἐκεῖνο</span> <span class='ocrx_word' id='word_1_327' title='bbox 1222 3833 1399 3892; x_wconf 73' lang='grc' dir='ltr'>ἐγένετο</span> <span class='ocrx_word' id='word_1_328' title='bbox 1433 3836 1510 3881; x_wconf 79' lang='grc' dir='ltr'>καὶ</span> <span class='ocrx_word' id='word_1_329' title='bbox 1544 3836 1764 3897; x_wconf 72' lang='grc' dir='ltr'>ἐνεργείᾳ,</span> <span class='ocrx_word' id='word_1_330' title='bbox 1786 3831 1839 3883; x_wconf 75' lang='grc' dir='ltr'>οὗ</span> <span class='ocrx_word' id='word_1_331' title='bbox 1855 3840 1930 3884; x_wconf 81' lang='grc' dir='ltr'>καὶ</span> <span class='ocrx_word' id='word_1_332' title='bbox 1956 3841 1984 3892; x_wconf 82' lang='grc' dir='ltr'><strong>ἡ</strong></span> <span class='ocrx_word' id='word_1_333' title='bbox 2008 3837 2093 3892; x_wconf 72' lang='grc' dir='ltr'>ὕλη</span> <span class='ocrx_word' id='word_1_334' title='bbox 2110 3838 2164 3893; x_wconf 78' lang='grc' dir='ltr'>ἦν</span> <span class='ocrx_word' id='word_1_335' title='bbox 2197 3837 2407 3901; x_wconf 75' lang='grc' dir='ltr'>δυνάμει-</span> 
     </span>
     <span class='ocr_line' id='line_1_32' title="bbox 431 3903 1936 3976; baseline 0.007 -23"><span class='ocrx_word' id='word_1_336' title='bbox 431 3903 567 3959; x_wconf 71' lang='lat' dir='ltr'>Met.</span> <span class='ocrx_word' id='word_1_337' title='bbox 591 3906 718 3970; x_wconf 76' lang='grc' dir='ltr'>ΧΠ,</span> <span class='ocrx_word' id='word_1_338' title='bbox 742 3908 791 3972; x_wconf 84' lang='lat'>2,</span> <span class='ocrx_word' id='word_1_339' title='bbox 814 3906 933 3959; x_wconf 71' lang='lat'>9962</span> <span class='ocrx_word' id='word_1_340' title='bbox 960 3905 1043 3956; x_wconf 86' lang='lat' dir='ltr'>cf.</span> <span class='ocrx_word' id='word_1_341' title='bbox 1072 3905 1152 3955; x_wconf 81' lang='lat' dir='ltr'>De</span> <span class='ocrx_word' id='word_1_342' title='bbox 1168 3923 1287 3975; x_wconf 77' lang='lat' dir='ltr'>gen.</span> <span class='ocrx_word' id='word_1_343' title='bbox 1311 3920 1361 3958; x_wconf 76' lang='lat' dir='ltr'>et</span> <span class='ocrx_word' id='word_1_344' title='bbox 1372 3926 1504 3960; x_wconf 79' lang='lat' dir='ltr'>corr.</span> <span class='ocrx_word' id='word_1_345' title='bbox 1530 3927 1584 3976; x_wconf 90' lang='lat' dir='ltr'>p.</span> <span class='ocrx_word' id='word_1_346' title='bbox 1613 3910 1708 3958; x_wconf 69' lang='lat'>⁵44</span> <span class='ocrx_word' id='word_1_347' title='bbox 1737 3922 1788 3961; x_wconf 82' lang='lat' dir='ltr'>et</span> <span class='ocrx_word' id='word_1_348' title='bbox 1818 3913 1936 3964; x_wconf 80' lang='lat'><strong>523.</strong></span> 
     </span>
    </p>
   </div>
  </div>
 </body>
</html>
